[gd_scene load_steps=7 format=2]

[ext_resource path="res://scenes/Global/Widgets/PlusMinusWidget.gd" type="Script" id=1]
[ext_resource path="res://assets/fonts/Freecoil_CAPS.otf" type="DynamicFontData" id=2]
[ext_resource path="res://assets/fonts/Freecoil-Regular.otf" type="DynamicFontData" id=3]

[sub_resource type="DynamicFont" id=1]
size = 39
outline_size = 1
font_data = ExtResource( 3 )

[sub_resource type="DynamicFont" id=2]
size = 30
font_data = ExtResource( 2 )

[sub_resource type="DynamicFont" id=3]
size = 22
outline_size = 1
use_filter = true
font_data = ExtResource( 3 )

[node name="PlusMinusWidget" type="CenterContainer"]
margin_right = 130.0
margin_bottom = 40.0
script = ExtResource( 1 )
__meta__ = {
"_edit_use_anchors_": false
}

[node name="HBoxContainer" type="HBoxContainer" parent="."]
margin_left = 6.0
margin_right = 123.0
margin_bottom = 46.0

[node name="MinusBtn" type="Button" parent="HBoxContainer"]
margin_right = 24.0
margin_bottom = 46.0
custom_fonts/font = SubResource( 1 )
text = "-"
__meta__ = {
"_edit_use_anchors_": false
}

[node name="Display" type="Label" parent="HBoxContainer"]
margin_left = 28.0
margin_top = 8.0
margin_right = 88.0
margin_bottom = 38.0
custom_fonts/font = SubResource( 2 )
text = "000"
align = 1
__meta__ = {
"_edit_use_anchors_": false
}

[node name="PlusBtn" type="Button" parent="HBoxContainer"]
margin_left = 92.0
margin_right = 117.0
margin_bottom = 46.0
custom_fonts/font = SubResource( 3 )
text = "+"
__meta__ = {
"_edit_use_anchors_": false
}

[connection signal="pressed" from="HBoxContainer/MinusBtn" to="." method="_on_MinusBtn_pressed" flags=3]
[connection signal="pressed" from="HBoxContainer/PlusBtn" to="." method="_on_PlusBtn_pressed" flags=3]
