[gd_scene load_steps=81 format=2]

[ext_resource path="res://assets/fonts/Freecoil-Regular.otf" type="DynamicFontData" id=1]
[ext_resource path="res://assets/themes/default.tres" type="Theme" id=2]
[ext_resource path="res://assets/images/icons/inventory_button.png" type="Texture" id=3]
[ext_resource path="res://assets/images/icons/menu_button_r_60.png" type="Texture" id=4]
[ext_resource path="res://assets/images/footer_background1.png" type="Texture" id=5]
[ext_resource path="res://assets/images/icons/ammo_w.png" type="Texture" id=6]
[ext_resource path="res://assets/images/icons/ammobox.png" type="Texture" id=7]
[ext_resource path="res://assets/images/icons/shield_w.png" type="Texture" id=8]
[ext_resource path="res://assets/images/icons/health_w.png" type="Texture" id=9]
[ext_resource path="res://assets/images/icons/radio_w.png" type="Texture" id=10]
[ext_resource path="res://assets/images/icons/cross_w.png" type="Texture" id=11]
[ext_resource path="res://assets/images/icons/menu_button_r_500.png" type="Texture" id=12]
[ext_resource path="res://assets/images/icons/heal_target.png" type="Texture" id=13]
[ext_resource path="res://assets/images/icons/heal_cross_component.png" type="Texture" id=14]
[ext_resource path="res://assets/images/icons/health_kit.png" type="Texture" id=15]
[ext_resource path="res://assets/images/icons/first_aid_kit.png" type="Texture" id=16]
[ext_resource path="res://assets/images/icons/firing_mode_burst.png" type="Texture" id=17]
[ext_resource path="res://assets/images/icons/firing_mode_auto.png" type="Texture" id=18]
[ext_resource path="res://assets/images/icons/firing_mode_single.png" type="Texture" id=19]

[sub_resource type="GDScript" id=1]
script/source = "extends ReferenceRect

#Game stat related
onready var healthbar:ProgressBar = get_node(\"FooterBackImage/HealthBar\")
onready var healthnumber:Label = get_node(\"FooterBackImage/HealthNumber\")
onready var ammobar:ProgressBar = get_node(\"FooterBackImage/AmmoBar\")
onready var ammonumber:Label = get_node(\"FooterBackImage/AmmoNumber\")
onready var shieldbar:ProgressBar = get_node(\"FooterBackImage/ShieldBar\")
onready var shieldnumber:Label = get_node(\"FooterBackImage/ShieldNumber\")
onready var ammo_image:NinePatchRect = get_node(\"FooterBackImage/Ammo/AmmoImage\")
onready var heal_image:NinePatchRect = get_node(\"FooterBackImage/Ammo/HealImage\")
#Game stat buttons & radio controls
onready var healthbutton:Button = get_node(\"FooterBackImage/Health\")
onready var ammobutton:Button = get_node(\"FooterBackImage/Ammo\")
onready var shieldbutton:Button = get_node(\"FooterBackImage/Shield\")
onready var radiobutton:Button = get_node(\"FooterBackImage/Radio\")
onready var radiomsg:Label = get_node(\"FooterBackImage/RadioMessage\")
onready var weaponbutton:Button = get_node(\"FooterBackImage/SoldierContainer/Weapon\")
#Medic buttons & related controls
onready var firstaidkit_button:Button = get_node(\"FooterBackImage/MedicContainer/FirstAidKit\")
onready var firstaidkit_number:Label = get_node(\"FooterBackImage/MedicContainer/FirstAidKit/FirstAidKitNumber\")
onready var healthkit_button:Button = get_node(\"FooterBackImage/MedicContainer/HealthKit\")
onready var healthkit_number:Label = get_node(\"FooterBackImage/MedicContainer/HealthKit/HealthKitNumber\")
onready var heal_timer:Label = get_node(\"FooterBackImage/MedicContainer/HealTimer\")
onready var mediccontainer:HBoxContainer = get_node(\"FooterBackImage/MedicContainer\")
onready var soldiercontainer:VBoxContainer = get_node(\"FooterBackImage/SoldierContainer\")
#Inventory & Weapon controls
onready var rucksack:Button = get_node(\"FooterBackImage/Inventory\")
onready var weaponscroll:ScrollContainer = get_node(\"FooterBackImage/WeaponsScroll\")
onready var weapongrid:GridContainer = get_node(\"FooterBackImage/WeaponsScroll/WeaponsGrid\")
#Patient heal graphic
onready var healgraphic: Node2D = get_node(\"HealGraphics\")
onready var healcrosscomp: Node2D = get_node(\"HealGraphics/HealCrossComponents\")
onready var healcross1: Node2D = get_node(\"HealGraphics/HealCrossComponents/HealCrossComponent1\")
onready var healcross2: Node2D = get_node(\"HealGraphics/HealCrossComponents/HealCrossComponent2\")
onready var healcross_target: Node2D = get_node(\"HealGraphics/HealCrossComponents/HealTarget\")
onready var engage_label: Label = get_node(\"HealGraphics/EngageLabel\")
var open_and_close_steps = 20.00
var start_angle
var angle_rate
var rate_multiplier = 2 #Different angular rate for in and out of spec (initial value)
var target_spec: int = 27 #+/- Spec for Patient Graphic
var in_spec: bool = false #Patient Graphic is In Spec
var receiving_graphic_running: bool = false
var current_patient_heal_type #\"First Aid Kit\" or \"Health Kit\"
#Other patient heal variables
var prior_shot_time: float #used to eliminate multiple shots at a time
var patient_heal_stage
    #patient_heal_stage = 0: heal process is inactive
    #patient_heal_stage = 1: heal process active, no heal shots received
    #patient_heal_stage = 2: first valid medic heal shot has been received
    #patient_heal_stage = 3: second (and final) valid medic heal shot has been received
#Other medic heal variables
var is_medic
var heal_time: int = 20 #amount of time medic has to use selected kit
var current_medic_heal_type #\"First Aid Kit\" or \"Health Kit\" in use

var weaponlist_shown:bool

func _ready():

    var supply_depot_active = PM.Settings.Session.get_data(\"supply_depot_active\")
    if supply_depot_active != null:
        _update_supply_depot_display(supply_depot_active)
    PM.Settings.Session.connect(PM.Settings.Session.monitor_data(
            \"supply_depot_active\"), self, \"_update_supply_depot_display\")

    var hud_footer = PM.Settings.Preferences.get_data(\"hud_footer\")
    _update_footer_layout(hud_footer)
    PM.Settings.Preferences.connect(PM.Settings.Preferences.monitor_data(\"hud_footer\"),\\
            self, \"_update_footer_layout\")

    is_medic = PM.Settings.Session.get_data(\"is_medic\")
    if is_medic == true:
        ammo_image.visible = false
        heal_image.visible = true
        PM.Settings.Session.connect(PM.Settings.Session.monitor_data(
                \"inventory\"), self, \"_update_player_inventory\")
    else:
        ammo_image.visible = true
        heal_image.visible = false

    soldiercontainer.visible = PM.Settings.Session.get_data(\"is_soldier\")
    mediccontainer.visible = is_medic

    patient_heal_stage = 0
    _patient_heal_stage_change(null)

    PM.Settings.Session.set_data(\"hit_by_team_medic\", null)
    PM.Settings.Session.connect(PM.Settings.Session.monitor_data(
            \"hit_by_team_medic\"), self, \"_hit_by_team_medic\")

    if PM.Settings.Session.get_data(\"game_weapon_name\") != null:
        _update_weapon_name(PM.Settings.Session.get_data(\"game_weapon_name\"))
    PM.Settings.Session.connect(PM.Settings.Session.monitor_data(
            \"game_weapon_name\"), self, \"_update_weapon_name\")

    weaponscroll.visible = false
    weaponlist_shown = false

#PATIENT FUNCTIONS-------------------------------------------------------------
func _on_Health_pressed():
    healthbutton.disabled = true #start - prevent double-taps of button
    yield(get_tree(), \"idle_frame\")
    if patient_heal_stage != 0:
        patient_heal_stage = 0
        while receiving_graphic_running == true:
            yield(get_tree(), \"idle_frame\")
        patient_heal_stage = 0 #set to 0 again, to nullify any hits (and subsequent stage change) that may have occured
        yield(_patient_heal_stage_change(null), \"completed\")
        firstaidkit_button.disabled = false
        healthkit_button.disabled = false
    healthbutton.disabled = false #end - prevent double-taps of button

func _hit_by_team_medic(hit_by_team_medic): #FIXME: Need to pass the type of heal (first aid or health kit) also when weapon sets are available
    var time_since_prior_medic_shot
    var time_limit_between_medic_shots = 1.00
    if prior_shot_time == null:
        time_since_prior_medic_shot = OS.get_ticks_msec()/1000.00
    else:
        time_since_prior_medic_shot = OS.get_ticks_msec()/1000.00 - prior_shot_time
    prior_shot_time = OS.get_ticks_msec()/1000.00 #sec, log new shot time
    if time_since_prior_medic_shot > time_limit_between_medic_shots: #Reduce duplicate shots
        if patient_heal_stage == 0:
            patient_heal_stage = 1
        elif patient_heal_stage == 1 and in_spec == true:
            in_spec = false #Need to change quickly to keep from registering 2 hits at once
            patient_heal_stage = 2
        elif patient_heal_stage == 2 and in_spec == true:
            in_spec = false
            patient_heal_stage = 3
        while receiving_graphic_running == true:
            yield(get_tree(), \"idle_frame\")
        _patient_heal_stage_change(hit_by_team_medic)

func _run_receiving_graphic():
    var end_time: float = 0
    var delta_time: float
    if patient_heal_stage == 0:
        pass
    elif patient_heal_stage == 1:
        receiving_graphic_running = true
        while patient_heal_stage == 1:
            yield(get_tree(), \"idle_frame\")
            if end_time == 0:
                delta_time = 0
            else:
                delta_time = OS.get_ticks_msec()/1000.00 - end_time
            var new_angle = healcross1.rotation_degrees + delta_time * rate_multiplier * angle_rate
            if new_angle >= 360:
                new_angle -= 360
            healcross1.rotation_degrees = new_angle
            healcross2.rotation_degrees = new_angle
            end_time = OS.get_ticks_msec()/1000.00
            if healcross1.rotation_degrees > 360 - target_spec or healcross1.rotation_degrees < target_spec or \\
                    (healcross1.rotation_degrees > 180 - target_spec and healcross1.rotation_degrees < 180 + target_spec):
                in_spec = true
                healcross_target.self_modulate = Color(0,1,0,0.8)
                engage_label.visible = true
                rate_multiplier = 1
            else:
                in_spec = false
                healcross_target.self_modulate = Color(1,0,0,0.8)
                engage_label.visible = false
                rate_multiplier = 2
    elif patient_heal_stage == 2:
        receiving_graphic_running = true
        while patient_heal_stage == 2:
            yield(get_tree(), \"idle_frame\")
            if end_time == 0:
                delta_time = 0
            else:
                delta_time = OS.get_ticks_msec()/1000.00 - end_time
            var new_angle = healcross2.rotation_degrees + delta_time * rate_multiplier * angle_rate
            if new_angle >= 360:
                new_angle -= 360
            healcross2.rotation_degrees = new_angle
            end_time = OS.get_ticks_msec()/1000.00
            if (healcross2.rotation_degrees > 90 - target_spec and healcross2.rotation_degrees < 90 + target_spec) or \\
                    (healcross2.rotation_degrees > 270 - target_spec and healcross2.rotation_degrees < 270 + target_spec):
                in_spec = true
                healcross_target.self_modulate = Color(0,1,0,0.8)
                engage_label.visible = true
                rate_multiplier = 1
            else:
                in_spec = false
                healcross_target.self_modulate = Color(1,0,0,0.8)
                engage_label.visible = false
                rate_multiplier = 2
    receiving_graphic_running = false

func _patient_heal_stage_change(hit_by_team_medic):
    yield(get_tree(), \"idle_frame\")
    if patient_heal_stage == 0:
        healcross_target.visible = false
        engage_label.visible = false
        healcross1.rotation_degrees = 0
        healcross1.scale.x = 1
        healcross1.scale.y = 1
        healcross2.rotation_degrees = 90
        healcross2.scale.x = 1
        healcross2.scale.y = 1
        healcross_target.rotation_degrees = 0
        yield(get_tree(), \"idle_frame\")
        healcross1.visible = true
        healcross2.visible = true
        yield(_open_and_close_HealGraphics(), \"completed\")
        yield(get_tree(), \"idle_frame\")
        healgraphic.visible = false
    elif patient_heal_stage == 1:
        healgraphic.visible = true
        yield(_open_and_close_HealGraphics(), \"completed\")
        healcross2.visible = false
        healcross1.scale.x = 1.05
        healcross1.scale.y = 1.05
        healcross2.scale.x = 1.05
        healcross2.scale.y = 1.05
        angle_rate = PM.SS[\"RandomGenerator\"].roll_int_die(25, 35) #angle_rate is in degrees/sec
        start_angle = PM.SS[\"RandomGenerator\"].roll_int_die(target_spec, 90)
        healcross1.rotation_degrees = start_angle
        healcross2.rotation_degrees = start_angle
        yield(get_tree(), \"idle_frame\")
        healcross1.visible = true
        healcross_target.visible = true
        yield(get_tree(), \"idle_frame\")
        _run_receiving_graphic()
    elif patient_heal_stage == 2:
        healcross1.rotation_degrees = 0
        healcross2.rotation_degrees = 0
        healcross_target.rotation_degrees = 90
        yield(get_tree(), \"idle_frame\")
        healcross2.visible = true
        _run_receiving_graphic()
    elif patient_heal_stage == 3:
        healcross_target.visible = false
        healcross2.rotation_degrees = 90
        healcross1.scale.x = 1
        healcross1.scale.y = 1
        healcross2.scale.x = 1
        healcross2.scale.y = 1
        yield(get_tree(), \"idle_frame\")
        get_tree().call_group(\"Camera\", \"shake_no\")
        yield(PM.get_tree().create_timer(1), \"timeout\")
        var supply_depot = PM.Settings.Session.get_data(\"supply_depot\")
        if hit_by_team_medic[\"weapon_profile\"] == 1:
            PM.SS[\"GameCommon\"].assess_accomplishment(\"healed_first_aid_kit\", hit_by_team_medic[\"laser_id\"])
        elif hit_by_team_medic[\"weapon_profile\"] == 2:
            PM.SS[\"GameCommon\"].assess_accomplishment(\"healed_health_kit\", hit_by_team_medic[\"laser_id\"])
        var heal_type = \"Item\" + str(hit_by_team_medic[\"weapon_profile\"])
        var heal = supply_depot[\"Shop5\"][heal_type][\"health\"]
        #Check to ensure health does not get increadse over the maximum (initial) health
        var max_health = PM.Settings.Session.get_data(\"initial_health\")
        var game_player_health = PM.Settings.Session.get_data(\"game_player_health\")
        if not game_player_health + heal > max_health:
            game_player_health += heal
        else:
            game_player_health = max_health
        PM.Settings.Session.set_data(\"game_player_health\", game_player_health)
        yield(get_tree(), \"idle_frame\")
        _on_Health_pressed()

func _open_and_close_HealGraphics():
    yield(get_tree(), \"idle_frame\")
    if patient_heal_stage == 0:
        for ratio in range(open_and_close_steps, -1.00, -1.00):
            _iterate_open_and_close_HealGraphics(ratio/open_and_close_steps)
            yield(PM.get_tree().create_timer(1.00/60.00), \"timeout\")
    elif patient_heal_stage == 1:
        for ratio in range(0.00, open_and_close_steps + 1):
            _iterate_open_and_close_HealGraphics(ratio/open_and_close_steps)
            yield(PM.get_tree().create_timer(1.00/60.00), \"timeout\")
    yield(PM.get_tree().create_timer(0.5), \"timeout\")

func _iterate_open_and_close_HealGraphics(ratio_from_minimized):
    var healgraphics_max = {\"posx\":270, \"posy\":430, \"scale\":1.00, \\
            \"cross_posx\":0, \"cross_posy\":0, \"cross_scale\":1.00}
    var healgraphics_min = {\"posx\":75, \"posy\":775, \"scale\":0.19, \\
            \"cross_posx\":83, \"cross_posy\":21, \"cross_scale\":0.40}
    healgraphic.position.x = healgraphics_min[\"posx\"] + \\
            ratio_from_minimized*(healgraphics_max[\"posx\"]-healgraphics_min[\"posx\"])
    healgraphic.position.y = healgraphics_min[\"posy\"] + \\
            ratio_from_minimized*(healgraphics_max[\"posy\"]-healgraphics_min[\"posy\"])
    healgraphic.scale.x = healgraphics_min[\"scale\"] + \\
            ratio_from_minimized*(healgraphics_max[\"scale\"]-healgraphics_min[\"scale\"])
    healgraphic.scale.y = healgraphics_min[\"scale\"] + \\
            ratio_from_minimized*(healgraphics_max[\"scale\"]-healgraphics_min[\"scale\"])
    healcrosscomp.position.x = healgraphics_min[\"cross_posx\"] + \\
            ratio_from_minimized*(healgraphics_max[\"cross_posx\"]-healgraphics_min[\"cross_posx\"])
    healcrosscomp.position.y = healgraphics_min[\"cross_posy\"] + \\
            ratio_from_minimized*(healgraphics_max[\"cross_posy\"]-healgraphics_min[\"cross_posy\"])
    healcrosscomp.scale.x = healgraphics_min[\"cross_scale\"] + \\
            ratio_from_minimized*(healgraphics_max[\"cross_scale\"]-healgraphics_min[\"cross_scale\"])
    healcrosscomp.scale.y = healgraphics_min[\"cross_scale\"] + \\
            ratio_from_minimized*(healgraphics_max[\"cross_scale\"]-healgraphics_min[\"cross_scale\"])

#MEDIC FUNCTIONS---------------------------------------------------------------
func _on_FirstAidKit_pressed():
    firstaidkit_button.disabled = true #disable quickly to prevent double clicks
    healthkit_button.disabled = true
    healthbutton.disabled = true #prevent healing yourself
    var inventory = PM.Settings.Session.get_data(\"inventory\")
    if inventory[\"First Aid Kit\"] > 0:
        current_medic_heal_type = \"First Aid Kit\"
        _medic_heal_process(inventory)
    else:
        firstaidkit_button.disabled = false
        healthkit_button.disabled = false
        healthbutton.disabled = false
        
func _on_HealthKit_pressed():
    healthkit_button.disabled = true #disable quickly to prevent double clicks
    firstaidkit_button.disabled = true
    healthbutton.disabled = true #prevent healing yourself
    var inventory = PM.Settings.Session.get_data(\"inventory\")
    if inventory[\"Health Kit\"] > 0:
        current_medic_heal_type = \"Health Kit\"
        _medic_heal_process(inventory)
    else:
        firstaidkit_button.disabled = false
        healthkit_button.disabled = false
        healthbutton.disabled = false

func _medic_heal_process(inventory):
    var initial_heal_ammo = 4
    inventory[current_medic_heal_type] = inventory[current_medic_heal_type] - 1
    PM.Settings.Session.set_data(\"inventory\", inventory)
    PM.Settings.Session.set_data(\"game_weapon_magazine_ammo\", 0)
    PM.SS[\"GameCommon\"].change_weapon(current_medic_heal_type)
    #wait for reload process to complete
    while PM.Settings.Session.get_data(\"game_weapon_magazine_ammo\") == 0:
        yield(get_tree(), \"idle_frame\")
    heal_timer.text = \"Heal\\nTime\\n\" + str(heal_time)
    heal_timer.visible = true
    var start_time = OS.get_ticks_msec()
    var end_time = start_time + heal_time * 1000
    var time_left
    while OS.get_ticks_msec() < end_time \\
            and PM.Settings.Session.get_data(\"game_weapon_magazine_ammo\") != 0:
        yield(PM.get_tree().create_timer(0.95), \"timeout\")
        time_left = int((end_time - OS.get_ticks_msec())/1000)
        heal_timer.text = \"Heal\\nTime\\n\" + str(time_left)
    heal_timer.visible = false
    if PM.Settings.Session.get_data(\"game_weapon_magazine_ammo\") == initial_heal_ammo:
        inventory = PM.Settings.Session.get_data(\"inventory\") #repopulate because of potential changes
        inventory[current_medic_heal_type] = inventory[current_medic_heal_type] + 1
        PM.Settings.Session.set_data(\"inventory\", inventory)
    PM.Settings.Session.set_data(\"game_weapon_magazine_ammo\", 0)
    PM.Settings.Session.set_data(\"game_weapon_total_ammo\", 0)
    PM.SS[\"GameCommon\"].fi_reload_btn_counter_event(null)
    yield(PM.get_tree().create_timer(2), \"timeout\") #reload time
    firstaidkit_button.disabled = false
    healthkit_button.disabled = false
    healthbutton.disabled = false

func _on_Ammo_pressed():
    ammobutton.disabled = true
    if not is_medic:
        PM.SS[\"GameCommon\"].fi_reload_btn_counter_event(null)
    ammobutton.disabled = false

#MISC FUNCTIONS----------------------------------------------------------------
func _update_footer_layout(hud_footer):
    if hud_footer == 1: #Zone Format
        var res = load(\"res://assets/images/footer_background1.png\")
        get_node(\"FooterBackImage\").texture = res
        healthbar.rect_position.x = 9
        healthbar.rect_position.y = 141
        healthbar.rect_size.x = 132
        healthbar.rect_size.y = 132
        healthbar.rect_rotation = -90
        healthbar.show_behind_parent = true
        ammobar.rect_position.x = 399
        ammobar.rect_position.y = 141
        ammobar.rect_size.x = 132
        ammobar.rect_size.y = 132
        ammobar.rect_rotation = -90
        ammobar.show_behind_parent = true
        shieldbar.rect_position.x = 9
        shieldbar.rect_position.y = 251
        shieldbar.rect_size.x = 102
        shieldbar.rect_size.y = 102
        shieldbar.rect_rotation = -90
        shieldbar.show_behind_parent = true
        healthnumber.rect_position.x = 150
        healthnumber.rect_position.y = 25
        healthnumber.rect_size.x = 70
        healthnumber.rect_size.y = 40
        healthnumber.align = 1 #Align Center
        ammonumber.rect_position.x = 320
        ammonumber.rect_position.y = 25
        ammonumber.rect_size.x = 70
        ammonumber.rect_size.y = 40
        ammonumber.align = 1 #Align Center
        shieldnumber.rect_position.x = 120
        shieldnumber.rect_position.y = 205
        shieldnumber.rect_size.x = 70
        shieldnumber.rect_size.y = 40
        shieldnumber.align = 1 #Align Center
        rucksack.rect_position.x = 230
        rucksack.rect_position.y = 7
        soldiercontainer.rect_position.x = 155
        soldiercontainer.rect_position.y = 88
        mediccontainer.rect_position.x = 155
        mediccontainer.rect_position.y = 88
        radiomsg.rect_position.x = 225
        radiomsg.rect_position.y = 205
        radiomsg.rect_size.x = 200
        radiomsg.rect_size.y = 40
        healthbutton.rect_position.x = 26
        healthbutton.rect_position.y = 25
        healthbutton.rect_scale.x = 1
        healthbutton.rect_scale.y = 1
        ammobutton.rect_position.x = 416
        ammobutton.rect_position.y = 25
        ammobutton.rect_scale.x = 1
        ammobutton.rect_scale.y = 1
        shieldbutton.rect_position.x = 21
        shieldbutton.rect_position.y = 160
        shieldbutton.rect_scale.x = 0.8
        shieldbutton.rect_scale.y = 0.8
        radiobutton.rect_position.x = 431
        radiobutton.rect_position.y = 153
        radiobutton.rect_scale.x = 1
        radiobutton.rect_scale.y = 1
    else: #Linear Format
        var res = load(\"res://assets/images/footer_background2.png\")
        get_node(\"FooterBackImage\").texture = res
        ammobutton.rect_position.x = 5
        ammobutton.rect_position.y = 5
        ammobutton.rect_scale.x = 0.8
        ammobutton.rect_scale.y = 0.8
        healthbutton.rect_position.x = 5
        healthbutton.rect_position.y = 100
        healthbutton.rect_scale.x = 0.8
        healthbutton.rect_scale.y = 0.8
        shieldbutton.rect_position.x = 5
        shieldbutton.rect_position.y = 180
        shieldbutton.rect_scale.x = 0.8
        shieldbutton.rect_scale.y = 0.8
        ammobar.rect_position.x = 65
        ammobar.rect_position.y = 25
        ammobar.rect_size.x = 160
        ammobar.rect_size.y = 40
        ammobar.rect_rotation = 0
        ammobar.show_behind_parent = false
        healthbar.rect_position.x = 65
        healthbar.rect_position.y = 120
        healthbar.rect_size.x = 160
        healthbar.rect_size.y = 40
        healthbar.rect_rotation = 0
        healthbar.show_behind_parent = false
        shieldbar.rect_position.x = 65
        shieldbar.rect_position.y = 200
        shieldbar.rect_size.x = 160
        shieldbar.rect_size.y = 40
        shieldbar.rect_rotation = 0
        shieldbar.show_behind_parent = false
        ammonumber.rect_position.x = 225
        ammonumber.rect_position.y = 17
        ammonumber.rect_size.x = 60
        ammonumber.rect_size.y = 60
        ammonumber.align = 1 #Align Left
        healthnumber.rect_position.x = 225
        healthnumber.rect_position.y = 112
        healthnumber.rect_size.x = 60
        healthnumber.rect_size.y = 60
        healthnumber.align = 1 #Align Left
        shieldnumber.rect_position.x = 225
        shieldnumber.rect_position.y = 192
        shieldnumber.rect_size.x = 60
        shieldnumber.rect_size.y = 60
        shieldnumber.align = 1 #Align Left
        soldiercontainer.rect_position.x = 295
        soldiercontainer.rect_position.y = 5
        mediccontainer.rect_position.x = 295
        mediccontainer.rect_position.y = 5
        rucksack.rect_position.x = 337
        rucksack.rect_position.y = 108
        radiobutton.rect_position.x = 455
        radiobutton.rect_position.y = 135
        radiobutton.rect_scale.x = 0.8
        radiobutton.rect_scale.y = 0.8
        radiomsg.rect_position.x = 308
        radiomsg.rect_position.y = 202
        radiomsg.rect_size.x = 200
        radiomsg.rect_size.y = 40

func _update_supply_depot_display(supply_depot_active):
        if supply_depot_active:
            get_node(\"FooterBackImage/Inventory\").visible = true
            get_node(\"FooterBackImage/Inventory\").disabled = false
        else:
            get_node(\"FooterBackImage/Inventory\").visible = false
            get_node(\"FooterBackImage/Inventory\").disabled = true

func _update_player_inventory(inventory):
    firstaidkit_number.text = str(inventory[\"First Aid Kit\"])
    healthkit_number.text = str(inventory[\"Health Kit\"])

func _update_weapon_name(weapon_name):
    weaponbutton.text = str(weapon_name)

func _on_Weapon_pressed():
    var player_wpns = PM.Settings.Session.get_data(\"game_player_weapons\")
    if player_wpns != null:
        if player_wpns.size() > 1: #No need to show a list of 1, and it's the currently held weapon
            if weaponlist_shown:
                for child in weapongrid.get_children():
                    child.queue_free()
                weaponscroll.visible = false
                weaponlist_shown = false
            else:
                var armory = PM.Settings.Session.get_data(\"game_weapon_types\")
                var held_weapon_type = PM.Settings.Session.get_data(\"game_weapon_type\")
                for key in player_wpns:
                    var weaponlist_button
                    if key != held_weapon_type:
                        weaponlist_button = Button.new()
                        weaponlist_button.set_name(key)
                        weaponlist_button.align = 1
                        weaponlist_button.text = armory[key][\"name\"]
                        weaponlist_button.rect_min_size.x = 296
                        weaponlist_button.rect_min_size.y = 100
                        weaponlist_button.add_to_group(\"WLIST_buttons\")
                        weaponlist_button.self_modulate = Color(0.0, 147.0/255.0, 255.0/255.0, 1.0) #Blue
                        weaponlist_button.set_meta(\"weapon_name\", str(key))
                        weaponlist_button.show()
                        weapongrid.add_child(weaponlist_button)

                for button in get_tree().get_nodes_in_group(\"WLIST_buttons\"):
                    button.connect(\"pressed\", self, \"_on_WeaponButton_pressed\", [button])
                
                weaponscroll.visible = true
                weaponlist_shown = true

func _on_WeaponButton_pressed(button):
    var player_wpns = PM.Settings.Session.get_data(\"game_player_weapons\")
    var selected_weapon = button.get_meta(\"weapon_name\")
    if player_wpns.has(selected_weapon):
        PM.SS[\"GameCommon\"].change_weapon(selected_weapon)
    _on_Weapon_pressed() #Toggle to hide weapon list
"

[sub_resource type="StyleBoxFlat" id=2]
bg_color = Color( 0.733333, 0.266667, 0.188235, 1 )
corner_radius_top_left = 30
corner_radius_top_right = 30

[sub_resource type="StyleBoxFlat" id=3]
bg_color = Color( 0.733333, 0.266667, 0.188235, 1 )
corner_radius_top_left = 30
corner_radius_top_right = 30

[sub_resource type="StyleBoxFlat" id=4]
bg_color = Color( 0.733333, 0.266667, 0.188235, 1 )
corner_radius_top_left = 30
corner_radius_top_right = 30

[sub_resource type="StyleBoxFlat" id=5]
bg_color = Color( 0.733333, 0.266667, 0.188235, 1 )
corner_radius_top_left = 30
corner_radius_top_right = 30

[sub_resource type="StyleBoxFlat" id=6]
bg_color = Color( 0.733333, 0.266667, 0.188235, 0.784314 )
corner_radius_top_left = 30
corner_radius_top_right = 30

[sub_resource type="GDScript" id=52]
script/source = "extends Button

var score_shown
var test

func _ready():
    score_shown = false

    PM.Settings.Session.connect(PM.Settings.Session.monitor_data(
            \"view_scoreboard_during_game\"), self, \"_on_ShowHideScore_pressed\")

func _on_ShowHideScore_pressed(_show_scoreboard = null):
    #Temporarily disconnect signal to prevent endless loop
    PM.Settings.Session.disconnect(PM.Settings.Session.monitor_data(
            \"view_scoreboard_during_game\"), self, \"_on_ShowHideScore_pressed\")

    var game_status = PM.Settings.Session.get_data(\"game_status\")
    var game_objective = PM.Settings.Session.get_data(\"game_objective\")
    if game_status != null and game_objective != null:
        var Scoreboard = get_tree().root.get_node(\"Container\").current_scene.get_node(\"Scoreboard\")
        if score_shown == false:
            score_shown = true
            PM.Settings.Session.set_data(\"view_scoreboard_during_game\", score_shown)
            PM.SS[\"GameCommon\"].instant_move_panel_in(Scoreboard)
        else:
            score_shown = false
            PM.Settings.Session.set_data(\"view_scoreboard_during_game\", score_shown)
            PM.SS[\"GameCommon\"].instant_move_panel_out(Scoreboard)

    #reconnect signal
    PM.Settings.Session.connect(PM.Settings.Session.monitor_data(
            \"view_scoreboard_during_game\"), self, \"_on_ShowHideScore_pressed\")
"

[sub_resource type="StyleBoxFlat" id=7]
bg_color = Color( 1, 0, 0, 1 )

[sub_resource type="StyleBoxFlat" id=8]
bg_color = Color( 0, 0, 0, 1 )

[sub_resource type="DynamicFont" id=10]
size = 36
outline_size = 2
use_filter = true
extra_spacing_top = 6
font_data = ExtResource( 1 )

[sub_resource type="StyleBoxEmpty" id=9]

[sub_resource type="GDScript" id=11]
script/source = "extends Label

onready var HealthBar = get_parent().get_node(\"HealthBar\")

func _ready():
    var initial_health
    if PM.Settings.Session.get_data(\"game_player_health\") == null:
        initial_health = 10
    else:
        initial_health = PM.Settings.Session.get_data(\"game_player_health\")

    HealthBar.max_value = initial_health
    HealthBar.value = initial_health
    text = str(initial_health)

    PM.Settings.Session.connect(PM.Settings.Session.monitor_data(
            \"game_player_health\"), self, \"update_health_remaining\")


func update_health_remaining(health_remaining):
    text = str(health_remaining)
    HealthBar.value = health_remaining
"

[sub_resource type="StyleBoxFlat" id=12]
bg_color = Color( 0, 0.439216, 0.752941, 1 )

[sub_resource type="StyleBoxFlat" id=13]
bg_color = Color( 0, 0, 0, 1 )

[sub_resource type="StyleBoxEmpty" id=14]

[sub_resource type="GDScript" id=15]
script/source = "extends Label

onready var AmmoBar = get_parent().get_node(\"AmmoBar\")

func _ready():
    var mag_size
    if PM.Settings.Session.get_data(\"game_weapon_magazine_size\") == null:
        mag_size = 15
    else:
        mag_size = PM.Settings.Session.get_data(\"game_weapon_magazine_size\")
    var mag_ammo
    if PM.Settings.Session.get_data(\"game_weapon_magazine_ammo\") == null:
        mag_ammo = 15
    else:
        mag_ammo = PM.Settings.Session.get_data(\"game_weapon_magazine_ammo\")
    AmmoBar.max_value = mag_size
    AmmoBar.value = mag_ammo
    text = str(mag_ammo)

    PM.Settings.Session.connect(PM.Settings.Session.monitor_data(
            \"game_weapon_magazine_size\"), self, \"update_magazine_size\")
    PM.Settings.Session.connect(PM.Settings.Session.monitor_data(
            \"game_weapon_magazine_ammo\"), self, \"update_magazine_ammo\")
    
func update_magazine_size(magazine_size):
    var shots_remaining = PM.Settings.Session.get_data(\"game_weapon_magazine_ammo\")
    AmmoBar.max_value = magazine_size
    if shots_remaining == null:
        AmmoBar.value = 0
    else:
        AmmoBar.value = shots_remaining
    text = str(shots_remaining)
    
func update_magazine_ammo(shots_remaining):
    var magazine_size = PM.Settings.Session.get_data(\"game_weapon_magazine_size\")
    AmmoBar.max_value = magazine_size
    if shots_remaining == null:
        AmmoBar.value = 0
    else:
        AmmoBar.value = shots_remaining
    text = str(shots_remaining)
"

[sub_resource type="StyleBoxFlat" id=16]
bg_color = Color( 0, 0.690196, 0.313726, 1 )

[sub_resource type="StyleBoxFlat" id=17]
bg_color = Color( 0, 0, 0, 1 )

[sub_resource type="StyleBoxEmpty" id=18]

[sub_resource type="GDScript" id=19]
script/source = "extends Label

onready var ShieldBar = get_parent().get_node(\"ShieldBar\")

func _ready():
    var initial_shield
    if PM.Settings.Session.get_data(\"game_player_shield\") == null:
        initial_shield = 10
    else:
        initial_shield = PM.Settings.Session.get_data(\"game_player_shield\")

    ShieldBar.max_value = initial_shield
    ShieldBar.value = initial_shield
    text = str(initial_shield)

    PM.Settings.Session.connect(PM.Settings.Session.monitor_data(
            \"game_player_shield\"), self, \"update_shield_remaining\")


func update_shield_remaining(shield_remaining):
    text = str(shield_remaining)
    ShieldBar.value = shield_remaining
"

[sub_resource type="StyleBoxEmpty" id=20]

[sub_resource type="StyleBoxEmpty" id=21]

[sub_resource type="StyleBoxEmpty" id=22]

[sub_resource type="StyleBoxEmpty" id=23]

[sub_resource type="StyleBoxEmpty" id=24]

[sub_resource type="GDScript" id=25]
script/source = "extends Button


func _ready():

    if PM.Settings.Session.get_data(\"supply_depot_active\") != null:
        _set_visible(PM.Settings.Session.get_data(\"supply_depot_active\"))

    PM.Settings.Session.connect(PM.Settings.Session.monitor_data(
            \"supply_depot_active\"), self, \"_set_visible\")

func _set_visible(shown):
    if shown:
        var is_medic = PM.Settings.Session.get_data(\"is_medic\")
        if is_medic != null:
            if not is_medic:
                visible = true
                disabled = false
            else:
                visible = false
                disabled = true
    else:
        visible = false
        disabled = true

func _on_Inventory_pressed():
    PM.Settings.Session.set_data(\"show_inventory\", true)
"

[sub_resource type="StyleBoxEmpty" id=65]

[sub_resource type="StyleBoxEmpty" id=66]

[sub_resource type="StyleBoxEmpty" id=67]

[sub_resource type="StyleBoxEmpty" id=68]

[sub_resource type="StyleBoxEmpty" id=69]

[sub_resource type="GDScript" id=70]
script/source = "extends Button

onready var shot_mode_single:TextureRect = get_node(\"AmmoContainer/FireModeSingle\")
onready var shot_mode_burst:TextureRect = get_node(\"AmmoContainer/FireModeBurst\")
onready var shot_mode_auto:TextureRect = get_node(\"AmmoContainer/FireModeAuto\")

func _ready():

    if PM.Settings.Session.get_data(\"game_weapon_shot_mode\") != null:
        _update_shot_mode(PM.Settings.Session.get_data(\"game_weapon_shot_mode\"))

    PM.Settings.Session.connect(PM.Settings.Session.monitor_data(
            \"game_weapon_shot_mode\"), self, \"_update_shot_mode\")

func _update_shot_mode(shot_mode):
    if shot_mode == \"single\":
        shot_mode_single.visible = true
        shot_mode_burst.visible = false
        shot_mode_auto.visible = false
    elif shot_mode == \"burst\":
        shot_mode_single.visible = false
        shot_mode_burst.visible = true
        shot_mode_auto.visible = false
    elif shot_mode == \"auto\":
        shot_mode_single.visible = false
        shot_mode_burst.visible = false
        shot_mode_auto.visible = true


func _on_AmmoTotImage_pressed():
    PM.SS[\"GameCommon\"].fi_power_btn_counter_event(null)
"

[sub_resource type="GDScript" id=30]
script/source = "extends Label

func _ready():
    var tot_ammo
    if PM.Settings.Session.get_data(\"game_weapon_total_ammo\") == null:
        tot_ammo = 100
    else:
        tot_ammo = PM.Settings.Session.get_data(\"game_weapon_total_ammo\")
    update_total_weapon_ammo(tot_ammo)

    PM.Settings.Session.connect(PM.Settings.Session.monitor_data(
            \"game_weapon_total_ammo\"), self, \"update_total_weapon_ammo\")


func update_total_weapon_ammo(total_ammo_remaining):
    text = str(total_ammo_remaining)
"

[sub_resource type="StyleBoxFlat" id=61]
bg_color = Color( 0, 0.313726, 0, 1 )
border_width_left = 2
border_width_top = 2
border_width_bottom = 2
border_color = Color( 0, 0, 0, 1 )
corner_radius_top_left = 4
corner_radius_top_right = 4
corner_radius_bottom_right = 4
corner_radius_bottom_left = 4

[sub_resource type="StyleBoxFlat" id=62]
bg_color = Color( 1, 0, 0, 1 )
border_width_left = 2
border_width_top = 2
border_width_right = 2
border_width_bottom = 2
border_color = Color( 0, 0, 0, 1 )
corner_radius_top_left = 4
corner_radius_top_right = 4
corner_radius_bottom_right = 4
corner_radius_bottom_left = 4

[sub_resource type="GDScript" id=60]
script/source = "extends ProgressBar


func _ready():
    PM.Settings.Session.set_data(\"reload_progress\", 100)
    PM.Settings.Session.connect(PM.Settings.Session.monitor_data(
            \"reload_progress\"), self, \"_update_reload_progress\")

func _update_reload_progress(reload_progress):
    if reload_progress == 100:
        visible = false
    else:
        visible = true
        value = reload_progress
"

[sub_resource type="DynamicFont" id=51]
size = 22
use_filter = true
extra_spacing_top = 4
font_data = ExtResource( 1 )

[sub_resource type="StyleBoxEmpty" id=63]

[sub_resource type="DynamicFont" id=57]
size = 28
outline_size = 2
outline_color = Color( 0, 0, 0, 1 )
use_filter = true
font_data = ExtResource( 1 )

[sub_resource type="StyleBoxEmpty" id=58]

[sub_resource type="StyleBoxEmpty" id=33]

[sub_resource type="StyleBoxEmpty" id=34]

[sub_resource type="StyleBoxEmpty" id=35]

[sub_resource type="StyleBoxEmpty" id=36]

[sub_resource type="StyleBoxEmpty" id=37]

[sub_resource type="StyleBoxEmpty" id=38]

[sub_resource type="StyleBoxEmpty" id=39]

[sub_resource type="StyleBoxEmpty" id=40]

[sub_resource type="StyleBoxEmpty" id=41]

[sub_resource type="StyleBoxEmpty" id=42]

[sub_resource type="StyleBoxEmpty" id=43]

[sub_resource type="StyleBoxEmpty" id=44]

[sub_resource type="StyleBoxEmpty" id=45]

[sub_resource type="StyleBoxEmpty" id=46]

[sub_resource type="StyleBoxEmpty" id=47]

[sub_resource type="StyleBoxEmpty" id=48]

[sub_resource type="StyleBoxEmpty" id=49]

[sub_resource type="StyleBoxEmpty" id=50]

[sub_resource type="GDScript" id=59]
script/source = "extends Button

var comms_panel

func _ready():
    if PM.Settings.Session.get_data(\"team_amount\") > 1:
        disabled = false
    else:
        disabled = true

func _on_Radio_pressed():
    comms_panel = get_tree().root.get_node(\"Container\").current_scene.get_node(\"RadioComms\")
    if comms_panel.visible:
        PM.SS[\"GameCommon\"].instant_move_panel_out(comms_panel)
        comms_panel.visible = false
    else:
        PM.SS[\"GameCommon\"].instant_move_panel_in(comms_panel)
        comms_panel.visible = true
"

[sub_resource type="DynamicFont" id=56]
size = 42
outline_size = 2
use_filter = true
font_data = ExtResource( 1 )

[sub_resource type="StyleBoxEmpty" id=55]

[node name="Footer" type="ReferenceRect"]
margin_top = 960.0
margin_right = 540.0
margin_bottom = 1920.0
rect_min_size = Vector2( 540, 960 )
mouse_filter = 2
theme = ExtResource( 2 )
script = SubResource( 1 )
__meta__ = {
"_edit_use_anchors_": false,
"_editor_description_": "0,1"
}

[node name="ShowHideScore" type="Button" parent="."]
modulate = Color( 1, 1, 1, 0.705882 )
margin_left = 120.0
margin_top = 630.0
margin_right = 420.0
margin_bottom = 700.0
rect_min_size = Vector2( 300, 70 )
size_flags_horizontal = 4
size_flags_vertical = 10
custom_colors/font_color_disabled = Color( 0, 0, 0, 1 )
custom_colors/font_color_focus = Color( 0, 0, 0, 1 )
custom_colors/font_color = Color( 0, 0, 0, 1 )
custom_colors/font_color_hover = Color( 0, 0, 0, 1 )
custom_colors/font_color_pressed = Color( 0, 0, 0, 1 )
custom_styles/hover = SubResource( 2 )
custom_styles/pressed = SubResource( 3 )
custom_styles/focus = SubResource( 4 )
custom_styles/disabled = SubResource( 5 )
custom_styles/normal = SubResource( 6 )
text = "Show Scores"
script = SubResource( 52 )
__meta__ = {
"_edit_use_anchors_": false
}

[node name="FooterBackImage" type="TextureRect" parent="."]
margin_top = 700.0
margin_right = 40.0
margin_bottom = 740.0
rect_min_size = Vector2( 540, 260 )
texture = ExtResource( 5 )
expand = true
__meta__ = {
"_edit_use_anchors_": false
}

[node name="WeaponsScroll" type="ScrollContainer" parent="FooterBackImage"]
margin_left = 120.0
margin_top = -540.0
margin_right = 132.0
margin_bottom = -528.0
rect_min_size = Vector2( 300, 540 )
__meta__ = {
"_edit_use_anchors_": false
}

[node name="WeaponsGrid" type="GridContainer" parent="FooterBackImage/WeaponsScroll"]
margin_left = 150.0
margin_top = 540.0
margin_right = 150.0
margin_bottom = 540.0
size_flags_horizontal = 6
size_flags_vertical = 10

[node name="HealthBar" type="ProgressBar" parent="FooterBackImage"]
show_behind_parent = true
margin_left = 9.0
margin_top = 141.0
margin_right = 141.0
margin_bottom = 273.0
rect_rotation = -90.0
size_flags_horizontal = 0
custom_styles/fg = SubResource( 7 )
custom_styles/bg = SubResource( 8 )
max_value = 10.0
step = 1.0
value = 10.0
allow_greater = true
percent_visible = false
__meta__ = {
"_edit_use_anchors_": false
}

[node name="HealthNumber" type="Label" parent="FooterBackImage"]
margin_left = 150.0
margin_top = 25.0
margin_right = 220.0
margin_bottom = 65.0
custom_colors/font_color = Color( 0, 0, 0, 1 )
custom_fonts/font = SubResource( 10 )
custom_styles/normal = SubResource( 9 )
text = "10"
align = 1
valign = 1
script = SubResource( 11 )
__meta__ = {
"_edit_use_anchors_": false
}

[node name="AmmoBar" type="ProgressBar" parent="FooterBackImage"]
show_behind_parent = true
margin_left = 399.0
margin_top = 141.0
margin_right = 531.0
margin_bottom = 273.0
rect_rotation = -90.0
size_flags_horizontal = 0
custom_styles/fg = SubResource( 12 )
custom_styles/bg = SubResource( 13 )
max_value = 15.0
step = 1.0
value = 15.0
allow_greater = true
percent_visible = false
__meta__ = {
"_edit_use_anchors_": false,
"_editor_description_": ""
}

[node name="AmmoNumber" type="Label" parent="FooterBackImage"]
margin_left = 320.0
margin_top = 25.0
margin_right = 390.0
margin_bottom = 65.0
custom_colors/font_color = Color( 0, 0, 0, 1 )
custom_fonts/font = SubResource( 10 )
custom_styles/normal = SubResource( 14 )
text = "15"
align = 1
valign = 1
script = SubResource( 15 )
__meta__ = {
"_edit_use_anchors_": false,
"_editor_description_": ""
}

[node name="ShieldBar" type="ProgressBar" parent="FooterBackImage"]
show_behind_parent = true
margin_left = 9.0
margin_top = 251.0
margin_right = 111.0
margin_bottom = 353.0
rect_rotation = -90.0
size_flags_horizontal = 0
custom_styles/fg = SubResource( 16 )
custom_styles/bg = SubResource( 17 )
max_value = 10.0
step = 1.0
value = 10.0
allow_greater = true
percent_visible = false
__meta__ = {
"_edit_use_anchors_": false
}

[node name="ShieldNumber" type="Label" parent="FooterBackImage"]
margin_left = 120.0
margin_top = 205.0
margin_right = 190.0
margin_bottom = 245.0
custom_colors/font_color = Color( 0, 0, 0, 1 )
custom_fonts/font = SubResource( 10 )
custom_styles/normal = SubResource( 18 )
text = "10"
align = 1
valign = 1
script = SubResource( 19 )
__meta__ = {
"_edit_use_anchors_": false,
"_editor_description_": ""
}

[node name="Inventory" type="Button" parent="FooterBackImage"]
margin_left = 230.0
margin_top = 7.0
margin_right = 390.0
margin_bottom = 151.0
rect_scale = Vector2( 0.5, 0.5 )
custom_styles/hover = SubResource( 20 )
custom_styles/pressed = SubResource( 21 )
custom_styles/focus = SubResource( 22 )
custom_styles/disabled = SubResource( 23 )
custom_styles/normal = SubResource( 24 )
icon = ExtResource( 3 )
script = SubResource( 25 )
__meta__ = {
"_edit_use_anchors_": false
}

[node name="SoldierContainer" type="VBoxContainer" parent="FooterBackImage"]
margin_left = 155.0
margin_top = 88.0
margin_right = 387.0
margin_bottom = 188.0
rect_min_size = Vector2( 230, 98 )
size_flags_horizontal = 0
size_flags_vertical = 0
__meta__ = {
"_edit_use_anchors_": false
}

[node name="AmmoBox" type="HBoxContainer" parent="FooterBackImage/SoldierContainer"]
margin_left = 28.0
margin_right = 204.0
margin_bottom = 42.0
rect_min_size = Vector2( 176, 0 )
size_flags_horizontal = 6
__meta__ = {
"_edit_use_anchors_": false
}

[node name="AmmoTotImage" type="Button" parent="FooterBackImage/SoldierContainer/AmmoBox"]
margin_right = 176.0
margin_bottom = 42.0
rect_min_size = Vector2( 176, 42 )
custom_styles/hover = SubResource( 65 )
custom_styles/pressed = SubResource( 66 )
custom_styles/focus = SubResource( 67 )
custom_styles/disabled = SubResource( 68 )
custom_styles/normal = SubResource( 69 )
icon = ExtResource( 7 )
expand_icon = true
script = SubResource( 70 )

[node name="AmmoContainer" type="CenterContainer" parent="FooterBackImage/SoldierContainer/AmmoBox/AmmoTotImage"]
margin_top = 15.0
margin_right = 50.0
margin_bottom = 40.0
rect_min_size = Vector2( 50, 25 )
__meta__ = {
"_edit_use_anchors_": false
}

[node name="FireModeSingle" type="TextureRect" parent="FooterBackImage/SoldierContainer/AmmoBox/AmmoTotImage/AmmoContainer"]
margin_right = 50.0
margin_bottom = 25.0
rect_min_size = Vector2( 50, 25 )
mouse_filter = 2
texture = ExtResource( 19 )
expand = true
stretch_mode = 6
__meta__ = {
"_edit_use_anchors_": false
}

[node name="FireModeBurst" type="TextureRect" parent="FooterBackImage/SoldierContainer/AmmoBox/AmmoTotImage/AmmoContainer"]
visible = false
margin_right = 50.0
margin_bottom = 25.0
rect_min_size = Vector2( 50, 25 )
mouse_filter = 2
texture = ExtResource( 17 )
expand = true
stretch_mode = 6
__meta__ = {
"_edit_use_anchors_": false
}

[node name="FireModeAuto" type="TextureRect" parent="FooterBackImage/SoldierContainer/AmmoBox/AmmoTotImage/AmmoContainer"]
visible = false
margin_right = 50.0
margin_bottom = 25.0
rect_min_size = Vector2( 50, 25 )
mouse_filter = 2
texture = ExtResource( 18 )
expand = true
stretch_mode = 6
__meta__ = {
"_edit_use_anchors_": false
}

[node name="AmmoTotNumber" type="Label" parent="FooterBackImage/SoldierContainer/AmmoBox/AmmoTotImage"]
margin_left = 56.0
margin_right = 130.0
margin_bottom = 42.0
custom_colors/font_color = Color( 0, 0, 0, 1 )
custom_fonts/font = SubResource( 10 )
custom_styles/normal = SubResource( 18 )
text = "240"
align = 1
valign = 1
script = SubResource( 30 )
__meta__ = {
"_edit_use_anchors_": false,
"_editor_description_": ""
}

[node name="ProgressBar" type="ProgressBar" parent="FooterBackImage/SoldierContainer/AmmoBox/AmmoTotImage/AmmoTotNumber"]
visible = false
margin_right = 120.0
margin_bottom = 42.0
rect_min_size = Vector2( 146, 42 )
custom_styles/fg = SubResource( 61 )
custom_styles/bg = SubResource( 62 )
value = 99.0
percent_visible = false
script = SubResource( 60 )
__meta__ = {
"_edit_use_anchors_": false
}

[node name="Reloading" type="Label" parent="FooterBackImage/SoldierContainer/AmmoBox/AmmoTotImage/AmmoTotNumber/ProgressBar"]
margin_right = 146.0
margin_bottom = 38.0
rect_min_size = Vector2( 146, 42 )
custom_fonts/font = SubResource( 51 )
custom_styles/normal = SubResource( 63 )
text = "RELOADING"
align = 1
valign = 1
__meta__ = {
"_edit_use_anchors_": false
}

[node name="Weapon" type="Button" parent="FooterBackImage/SoldierContainer"]
margin_top = 50.0
margin_right = 232.0
margin_bottom = 96.0
rect_min_size = Vector2( 230, 46 )
text = "Machine Gun L1"
__meta__ = {
"_edit_use_anchors_": false
}

[node name="MedicContainer" type="HBoxContainer" parent="FooterBackImage"]
visible = false
margin_left = 155.0
margin_top = 88.0
margin_right = 385.0
margin_bottom = 188.0
rect_min_size = Vector2( 230, 98 )
size_flags_horizontal = 2
size_flags_vertical = 4
__meta__ = {
"_edit_use_anchors_": false
}

[node name="FirstAidKit" type="Button" parent="FooterBackImage/MedicContainer"]
margin_top = 10.0
margin_right = 56.0
margin_bottom = 90.0
rect_min_size = Vector2( 56, 80 )
size_flags_horizontal = 2
size_flags_vertical = 6
icon = ExtResource( 16 )
flat = true
expand_icon = true
__meta__ = {
"_edit_use_anchors_": false
}

[node name="FirstAidKitNumber" type="Label" parent="FooterBackImage/MedicContainer/FirstAidKit"]
margin_top = 46.0
margin_right = 56.0
margin_bottom = 88.0
rect_min_size = Vector2( 56, 0 )
size_flags_horizontal = 0
size_flags_vertical = 8
custom_colors/font_color = Color( 0, 0, 0, 1 )
custom_fonts/font = SubResource( 10 )
custom_styles/normal = SubResource( 9 )
text = "10"
align = 1
valign = 1
__meta__ = {
"_edit_use_anchors_": false
}

[node name="HealTimer" type="Label" parent="FooterBackImage/MedicContainer"]
visible = false
margin_left = 70.0
margin_top = 3.0
margin_right = 136.0
margin_bottom = 97.0
rect_min_size = Vector2( 0, 94 )
size_flags_horizontal = 7
size_flags_vertical = 6
custom_fonts/font = SubResource( 57 )
custom_styles/normal = SubResource( 58 )
text = "Heal
Time
30"
align = 1
valign = 1

[node name="HealthKit" type="Button" parent="FooterBackImage/MedicContainer"]
margin_left = 140.0
margin_top = 10.0
margin_right = 230.0
margin_bottom = 90.0
rect_min_size = Vector2( 90, 80 )
size_flags_horizontal = 10
size_flags_vertical = 6
icon = ExtResource( 15 )
flat = true
expand_icon = true
__meta__ = {
"_edit_use_anchors_": false
}

[node name="HealthKitNumber" type="Label" parent="FooterBackImage/MedicContainer/HealthKit"]
margin_left = 18.0
margin_top = 46.0
margin_right = 72.0
margin_bottom = 88.0
rect_min_size = Vector2( 54, 0 )
size_flags_horizontal = 10
size_flags_vertical = 8
custom_colors/font_color = Color( 0, 0, 0, 1 )
custom_fonts/font = SubResource( 10 )
custom_styles/normal = SubResource( 9 )
text = "10"
align = 1
valign = 1
__meta__ = {
"_edit_use_anchors_": false
}

[node name="RadioMessage" type="Label" parent="FooterBackImage" groups=["FOOT_radio_msg"]]
margin_left = 225.0
margin_top = 205.0
margin_right = 425.0
margin_bottom = 245.0
custom_styles/normal = SubResource( 33 )
text = "Incoming Msg"
align = 1
valign = 1
__meta__ = {
"_edit_use_anchors_": false
}

[node name="Health" type="Button" parent="FooterBackImage"]
margin_left = 26.0
margin_top = 25.0
margin_right = 126.0
margin_bottom = 125.0
mouse_filter = 1
custom_styles/hover = SubResource( 34 )
custom_styles/pressed = SubResource( 35 )
custom_styles/focus = SubResource( 36 )
custom_styles/disabled = SubResource( 37 )
custom_styles/normal = SubResource( 38 )
icon = ExtResource( 4 )
expand_icon = true
__meta__ = {
"_edit_use_anchors_": false,
"_editor_description_": ""
}

[node name="HealthImage" type="NinePatchRect" parent="FooterBackImage/Health"]
modulate = Color( 1, 0, 0, 0.686275 )
margin_left = 20.0
margin_top = 20.0
margin_right = 80.0
margin_bottom = 80.0
rect_min_size = Vector2( 60, 60 )
mouse_filter = 1
texture = ExtResource( 9 )
__meta__ = {
"_edit_use_anchors_": false
}

[node name="Ammo" type="Button" parent="FooterBackImage"]
margin_left = 416.0
margin_top = 25.0
margin_right = 516.0
margin_bottom = 125.0
mouse_filter = 1
custom_styles/hover = SubResource( 39 )
custom_styles/pressed = SubResource( 40 )
custom_styles/focus = SubResource( 41 )
custom_styles/disabled = SubResource( 42 )
custom_styles/normal = SubResource( 38 )
icon = ExtResource( 4 )
expand_icon = true
__meta__ = {
"_edit_use_anchors_": false,
"_editor_description_": ""
}

[node name="AmmoImage" type="NinePatchRect" parent="FooterBackImage/Ammo"]
modulate = Color( 0, 0.439216, 0.752941, 0.686275 )
margin_left = 20.0
margin_top = 20.0
margin_right = 80.0
margin_bottom = 80.0
rect_min_size = Vector2( 60, 60 )
mouse_filter = 1
texture = ExtResource( 6 )
__meta__ = {
"_edit_use_anchors_": false
}

[node name="HealImage" type="NinePatchRect" parent="FooterBackImage/Ammo"]
visible = false
modulate = Color( 0, 0.439216, 0.752941, 0.686275 )
margin_left = 20.0
margin_top = 20.0
margin_right = 80.0
margin_bottom = 80.0
rect_min_size = Vector2( 60, 60 )
mouse_filter = 1
texture = ExtResource( 11 )
__meta__ = {
"_editor_description_": ""
}

[node name="Shield" type="Button" parent="FooterBackImage"]
margin_left = 21.0
margin_top = 160.0
margin_right = 121.0
margin_bottom = 260.0
rect_scale = Vector2( 0.8, 0.8 )
mouse_filter = 1
custom_styles/hover = SubResource( 43 )
custom_styles/pressed = SubResource( 44 )
custom_styles/focus = SubResource( 45 )
custom_styles/disabled = SubResource( 46 )
custom_styles/normal = SubResource( 38 )
icon = ExtResource( 4 )
expand_icon = true
__meta__ = {
"_edit_use_anchors_": false,
"_editor_description_": ""
}

[node name="ShieldImage" type="NinePatchRect" parent="FooterBackImage/Shield"]
modulate = Color( 0, 0.690196, 0.313726, 0.686275 )
margin_left = 20.0
margin_top = 20.0
margin_right = 80.0
margin_bottom = 80.0
mouse_filter = 1
texture = ExtResource( 8 )
__meta__ = {
"_edit_use_anchors_": false
}

[node name="Radio" type="Button" parent="FooterBackImage"]
margin_left = 431.0
margin_top = 153.0
margin_right = 531.0
margin_bottom = 253.0
mouse_filter = 1
custom_styles/hover = SubResource( 47 )
custom_styles/pressed = SubResource( 48 )
custom_styles/focus = SubResource( 49 )
custom_styles/disabled = SubResource( 50 )
custom_styles/normal = SubResource( 38 )
icon = ExtResource( 4 )
expand_icon = true
script = SubResource( 59 )
__meta__ = {
"_edit_use_anchors_": false,
"_editor_description_": ""
}

[node name="RadioImage" type="NinePatchRect" parent="FooterBackImage/Radio"]
modulate = Color( 0, 0, 0, 0.627451 )
margin_left = 10.0
margin_top = 10.0
margin_right = 90.0
margin_bottom = 90.0
rect_min_size = Vector2( 80, 80 )
mouse_filter = 1
texture = ExtResource( 10 )
__meta__ = {
"_edit_use_anchors_": false
}

[node name="HealGraphics" type="Node2D" parent="."]
visible = false
position = Vector2( 270, 430 )

[node name="HealBackground" type="Sprite" parent="HealGraphics"]
texture = ExtResource( 12 )

[node name="HealCrossComponents" type="Node2D" parent="HealGraphics"]

[node name="HealTarget" type="Sprite" parent="HealGraphics/HealCrossComponents"]
self_modulate = Color( 1, 0, 0, 0.686275 )
texture = ExtResource( 13 )

[node name="HealCrossComponent1" type="Sprite" parent="HealGraphics/HealCrossComponents"]
self_modulate = Color( 1, 0, 0, 1 )
texture = ExtResource( 14 )

[node name="HealCrossComponent2" type="Sprite" parent="HealGraphics/HealCrossComponents"]
self_modulate = Color( 1, 0, 0, 1 )
rotation = 1.5708
texture = ExtResource( 14 )

[node name="EngageLabel" type="Label" parent="HealGraphics"]
visible = false
margin_left = -80.0
margin_top = -25.0
margin_right = 80.0
margin_bottom = 25.0
rect_min_size = Vector2( 160, 50 )
custom_colors/font_color = Color( 0, 0, 0, 1 )
custom_fonts/font = SubResource( 56 )
custom_styles/normal = SubResource( 55 )
text = "Engage"
align = 1
valign = 1
__meta__ = {
"_edit_use_anchors_": false
}

[connection signal="pressed" from="ShowHideScore" to="ShowHideScore" method="_on_ShowHideScore_pressed"]
[connection signal="pressed" from="FooterBackImage/Inventory" to="FooterBackImage/Inventory" method="_on_Inventory_pressed"]
[connection signal="pressed" from="FooterBackImage/SoldierContainer/AmmoBox/AmmoTotImage" to="FooterBackImage/SoldierContainer/AmmoBox/AmmoTotImage" method="_on_AmmoTotImage_pressed"]
[connection signal="pressed" from="FooterBackImage/SoldierContainer/Weapon" to="." method="_on_Weapon_pressed"]
[connection signal="pressed" from="FooterBackImage/MedicContainer/FirstAidKit" to="." method="_on_FirstAidKit_pressed"]
[connection signal="pressed" from="FooterBackImage/MedicContainer/HealthKit" to="." method="_on_HealthKit_pressed"]
[connection signal="pressed" from="FooterBackImage/Health" to="." method="_on_Health_pressed"]
[connection signal="pressed" from="FooterBackImage/Ammo" to="." method="_on_Ammo_pressed"]
[connection signal="pressed" from="FooterBackImage/Radio" to="FooterBackImage/Radio" method="_on_Radio_pressed"]
