[gd_scene load_steps=15 format=2]

[ext_resource path="res://assets/fonts/Freecoil-Regular.otf" type="DynamicFontData" id=1]
[ext_resource path="res://assets/images/icons/map_w.png" type="Texture" id=2]
[ext_resource path="res://assets/images/lpanelbackground.png" type="Texture" id=3]
[ext_resource path="res://assets/images/icons/crosshair_w.png" type="Texture" id=4]
[ext_resource path="res://assets/images/icons/on_fire.png" type="Texture" id=5]
[ext_resource path="res://assets/themes/default.tres" type="Theme" id=6]
[ext_resource path="res://assets/images/icons/direction_button_up3.png" type="Texture" id=7]
[ext_resource path="res://assets/images/icons/direction_button_down3.png" type="Texture" id=8]
[ext_resource path="res://assets/images/icons/direction_button_left3.png" type="Texture" id=9]
[ext_resource path="res://assets/images/icons/direction_button_right3.png" type="Texture" id=10]

[sub_resource type="GDScript" id=5]
script/source = "extends ReferenceRect

var footer
var lpanel
var rpanel
var header_shown: bool
var footer_shown: bool
var lpanel_shown: bool
var rpanel_shown: bool

func _ready():

    header_shown = true
    footer_shown = true
    lpanel_shown = true
    rpanel_shown = true

    for button in get_tree().get_nodes_in_group(\"LP_MapButtons\"):
        button.connect(\"pressed\", self, \"_on_MapButton_pressed\", [button])

    _on_Close_pressed()

func _on_ShowHidePanels_pressed():
    if get_node(\"ButtonContainer\").visible == false:
        get_node(\"ButtonContainer\").visible = true
    else:
        get_node(\"ButtonContainer\").visible = false

func _on_MoveHeader_pressed():
    if header_shown == true:
        PM.get_tree().root.get_node(\"Container/UI\").get_child(0).visible = false
        get_node(\"ButtonContainer/VBoxContainer/MoveHeader\").set_flip_v(true)
        header_shown = false
    else:
        PM.get_tree().root.get_node(\"Container/UI\").get_child(0).visible = true
        get_node(\"ButtonContainer/VBoxContainer/MoveHeader\").set_flip_v(false)
        header_shown = true
    _check_if_all_shown_or_hidden()

func _on_MoveFooter_pressed():
    footer = get_tree().root.get_node(\"Container\").current_scene.get_node(\"Footer\")
    if footer_shown == true:
        PM.SS[\"GameCommon\"].instant_move_panel_out(footer)
        if lpanel_shown:
            get_node(\"LPanelBackImage/ShowHidePanels\").rect_position.y = 445
        else:
            get_node(\"LPanelBackImage/ShowHidePanels\").rect_position.y = 705
        get_node(\"ButtonContainer/VBoxContainer/MoveFooter\").set_flip_v(true)
        footer_shown = false
    else:
        PM.SS[\"GameCommon\"].instant_move_panel_in(footer)
        get_node(\"LPanelBackImage/ShowHidePanels\").rect_position.y = 445
        get_node(\"ButtonContainer/VBoxContainer/MoveFooter\").set_flip_v(false)
        footer_shown = true
    _check_if_all_shown_or_hidden()

func _on_MoveLPanel_pressed():
    lpanel = get_tree().root.get_node(\"Container\").current_scene.get_node(\"LPanel\")
    if lpanel_shown == true:
        get_node(\"LPanelBackImage\").rect_position.x = -130
        get_node(\"LPanelBackImage/ShowHidePanels\").rect_position.x = 155
        if footer_shown:
            get_node(\"LPanelBackImage/ShowHidePanels\").rect_position.y = 445
        else:
            get_node(\"LPanelBackImage/ShowHidePanels\").rect_position.y = 705
        get_node(\"ButtonContainer/MoveLPanel\").set_flip_h(true)
        lpanel_shown = false
    else:
        get_node(\"LPanelBackImage\").rect_position.x = 0
        get_node(\"LPanelBackImage/ShowHidePanels\").rect_position.x = 25
        get_node(\"LPanelBackImage/ShowHidePanels\").rect_position.y = 445
        get_node(\"ButtonContainer/MoveLPanel\").set_flip_h(false)
        lpanel_shown = true
    _check_if_all_shown_or_hidden()

func _on_MoveRPanel_pressed():
    rpanel = get_tree().root.get_node(\"Container\").current_scene.get_node(\"RPanel\")
    if rpanel_shown == true:
        PM.SS[\"GameCommon\"].instant_move_panel_out(rpanel)
        get_node(\"ButtonContainer/MoveRPanel\").set_flip_h(true)
        rpanel_shown = false
    else:
        PM.SS[\"GameCommon\"].instant_move_panel_in(rpanel)
        get_node(\"ButtonContainer/MoveRPanel\").set_flip_h(false)
        rpanel_shown = true
    _check_if_all_shown_or_hidden()

func _check_if_all_shown_or_hidden():
    var count_hidden = 4
    if header_shown == true:
        count_hidden -= 1
    if footer_shown == true:
        count_hidden -= 1
    if lpanel_shown == true:
        count_hidden -= 1
    if rpanel_shown == true:
        count_hidden -= 1
    if count_hidden == 4:
        get_node(\"ButtonContainer/VBoxContainer/HideShowAll\").text = \"Show All\"
    elif count_hidden == 0:
        get_node(\"ButtonContainer/VBoxContainer/HideShowAll\").text = \"Hide All\"
    
func _on_HideShowAll_pressed():
    if get_node(\"ButtonContainer/VBoxContainer/HideShowAll\").text == \"Hide All\":
        if header_shown == true:
            _on_MoveHeader_pressed()
        if footer_shown == true:
            _on_MoveFooter_pressed()
        if lpanel_shown == true:
            _on_MoveLPanel_pressed()
        if rpanel_shown == true:
            _on_MoveRPanel_pressed()
        get_node(\"ButtonContainer/VBoxContainer/HideShowAll\").text = \"Show All\"
    else:
        if header_shown == false:
            _on_MoveHeader_pressed()
        if footer_shown == false:
            _on_MoveFooter_pressed()
        if lpanel_shown == false:
            _on_MoveLPanel_pressed()
        if rpanel_shown == false:
            _on_MoveRPanel_pressed()
        get_node(\"ButtonContainer/VBoxContainer/HideShowAll\").text = \"Hide All\"

func _on_Close_pressed():
    get_node(\"ButtonContainer\").visible = false

"

[sub_resource type="GDScript" id=6]
script/source = "extends NinePatchRect

onready var kills_label:Label = get_node(\"Kills\")
onready var player_on_fire_image:Sprite = get_node(\"PlayerOnFire\")

var prior_kills_logged

func _ready():
    prior_kills_logged = 0
    PM.Settings.Session.connect(PM.Settings.Session.monitor_data(
        \"player_kills_by_mup\"), self, \"update_my_kills\")

    PM.Settings.Session.connect(PM.Settings.Session.monitor_data(
        \"player_killing_spree\"), self, \"update_killing_spree\")
    PM.Settings.Session.set_data(\"player_killing_spree\", 0) #initial value
    
    player_on_fire_image.visible = false #Initial condition

func update_my_kills(new_val):
    if new_val.has(PM.unique_id):
        var current_kills:int = new_val[PM.unique_id]
        kills_label.text = str(current_kills)
        _blink_kills_icon()
        if current_kills != 0:
            #reward for all accomplishments since last kills update
            for _payment in range(prior_kills_logged, current_kills):
                PM.SS[\"GameCommon\"].assess_accomplishment(\"kill\", null)
            #update killing spree, works on the assumption that if multiple kills are included in a single update,
            #that the player wasn't killed inbetween those kills.
            if PM.Settings.Session.get_data(\"supply_depot_active\"):
                var player_killing_spree = PM.Settings.Session.get_data(\"player_killing_spree\") + \\
                        (current_kills - prior_kills_logged)
                PM.Settings.Session.set_data(\"player_killing_spree\", player_killing_spree)
            prior_kills_logged = current_kills

func update_killing_spree(killing_spree):
    print(\"killing spree = \" + str(killing_spree))
    if killing_spree >= 3:
        player_on_fire_image.visible = true
    else:
        player_on_fire_image.visible = false

func _blink_kills_icon():
    var flashes = 1
    while flashes < 8:
        self_modulate = Color(1, 0, 0, 1) #Red
        yield(PM.get_tree().create_timer(0.1), \"timeout\")
        self_modulate = Color(1, 1, 1, 1) #White
        yield(PM.get_tree().create_timer(0.1), \"timeout\")
        flashes += 1
        self_modulate = Color(0, 0, 0, 1) #black
"

[sub_resource type="DynamicFont" id=2]
size = 34
outline_size = 4
outline_color = Color( 1, 1, 1, 0.627451 )
use_filter = true
font_data = ExtResource( 1 )

[sub_resource type="StyleBoxEmpty" id=1]

[node name="LPanel" type="ReferenceRect"]
margin_left = -540.0
margin_bottom = 960.0
rect_min_size = Vector2( 540, 960 )
mouse_filter = 2
theme = ExtResource( 6 )
script = SubResource( 5 )
__meta__ = {
"_editor_description_": "-1,0"
}

[node name="ButtonContainer" type="HBoxContainer" parent="."]
visible = false
margin_top = 160.0
margin_right = 540.0
margin_bottom = 700.0
rect_min_size = Vector2( 540, 540 )
size_flags_horizontal = 10
__meta__ = {
"_edit_use_anchors_": false
}

[node name="MoveLPanel" type="TextureButton" parent="ButtonContainer"]
modulate = Color( 1, 1, 1, 0.705882 )
margin_top = 120.0
margin_right = 80.0
margin_bottom = 420.0
rect_min_size = Vector2( 80, 300 )
size_flags_vertical = 6
texture_normal = ExtResource( 9 )
texture_pressed = ExtResource( 9 )
texture_hover = ExtResource( 9 )
texture_disabled = ExtResource( 9 )
texture_focused = ExtResource( 9 )

[node name="VBoxContainer" type="VBoxContainer" parent="ButtonContainer"]
margin_left = 120.0
margin_right = 420.0
margin_bottom = 470.0
rect_min_size = Vector2( 300, 470 )
size_flags_horizontal = 6
size_flags_vertical = 0

[node name="MoveHeader" type="TextureButton" parent="ButtonContainer/VBoxContainer"]
modulate = Color( 1, 1, 1, 0.705882 )
margin_right = 300.0
margin_bottom = 80.0
rect_min_size = Vector2( 300, 80 )
texture_normal = ExtResource( 7 )
texture_pressed = ExtResource( 7 )
texture_hover = ExtResource( 7 )
texture_disabled = ExtResource( 7 )
texture_focused = ExtResource( 7 )

[node name="HideShowAll" type="Button" parent="ButtonContainer/VBoxContainer"]
modulate = Color( 1, 1, 1, 0.705882 )
margin_left = 70.0
margin_top = 131.0
margin_right = 230.0
margin_bottom = 231.0
rect_min_size = Vector2( 160, 100 )
size_flags_horizontal = 6
size_flags_vertical = 10
text = "Hide All"

[node name="Close" type="Button" parent="ButtonContainer/VBoxContainer"]
modulate = Color( 1, 1, 1, 0.705882 )
margin_left = 30.0
margin_top = 260.0
margin_right = 270.0
margin_bottom = 360.0
rect_min_size = Vector2( 240, 100 )
size_flags_horizontal = 6
size_flags_vertical = 6
text = "Close"

[node name="MoveFooter" type="TextureButton" parent="ButtonContainer/VBoxContainer"]
margin_top = 390.0
margin_right = 300.0
margin_bottom = 470.0
texture_normal = ExtResource( 8 )
texture_pressed = ExtResource( 8 )
texture_hover = ExtResource( 8 )
texture_disabled = ExtResource( 8 )
texture_focused = ExtResource( 8 )

[node name="MoveRPanel" type="TextureButton" parent="ButtonContainer"]
modulate = Color( 1, 1, 1, 0.705882 )
margin_left = 460.0
margin_top = 120.0
margin_right = 540.0
margin_bottom = 420.0
rect_min_size = Vector2( 80, 300 )
size_flags_vertical = 6
texture_normal = ExtResource( 10 )
texture_pressed = ExtResource( 10 )
texture_hover = ExtResource( 10 )
texture_disabled = ExtResource( 10 )
texture_focused = ExtResource( 10 )

[node name="LPanelBackImage" type="NinePatchRect" parent="."]
margin_top = 160.0
margin_right = 40.0
margin_bottom = 200.0
rect_min_size = Vector2( 120, 540 )
texture = ExtResource( 3 )
__meta__ = {
"_edit_use_anchors_": false
}

[node name="KillsImage" type="NinePatchRect" parent="LPanelBackImage"]
self_modulate = Color( 0, 0, 0, 1 )
margin_left = 10.0
margin_top = 12.0
margin_right = 90.0
margin_bottom = 92.0
rect_min_size = Vector2( 80, 80 )
texture = ExtResource( 4 )
script = SubResource( 6 )

[node name="PlayerOnFire" type="Sprite" parent="LPanelBackImage/KillsImage"]
show_behind_parent = true
position = Vector2( 40, 38 )
scale = Vector2( 0.4, 0.4 )
texture = ExtResource( 5 )

[node name="Kills" type="Label" parent="LPanelBackImage/KillsImage"]
margin_left = -10.0
margin_top = -6.0
margin_right = 88.0
margin_bottom = 54.0
rect_min_size = Vector2( 98, 60 )
custom_colors/font_color = Color( 0, 0, 0, 1 )
custom_fonts/font = SubResource( 2 )
custom_styles/normal = SubResource( 1 )
text = "0"
align = 1
valign = 1
__meta__ = {
"_edit_use_anchors_": false
}

[node name="ShowHidePanels" type="TextureButton" parent="LPanelBackImage"]
margin_left = 25.0
margin_top = 445.0
margin_right = 95.0
margin_bottom = 515.0
rect_min_size = Vector2( 70, 70 )
texture_normal = ExtResource( 2 )
expand = true
stretch_mode = 5
__meta__ = {
"_edit_use_anchors_": false
}

[connection signal="pressed" from="ButtonContainer/MoveLPanel" to="." method="_on_MoveLPanel_pressed"]
[connection signal="pressed" from="ButtonContainer/VBoxContainer/MoveHeader" to="." method="_on_MoveHeader_pressed"]
[connection signal="pressed" from="ButtonContainer/VBoxContainer/HideShowAll" to="." method="_on_HideShowAll_pressed"]
[connection signal="pressed" from="ButtonContainer/VBoxContainer/Close" to="." method="_on_Close_pressed"]
[connection signal="pressed" from="ButtonContainer/VBoxContainer/MoveFooter" to="." method="_on_MoveFooter_pressed"]
[connection signal="pressed" from="ButtonContainer/MoveRPanel" to="." method="_on_MoveRPanel_pressed"]
[connection signal="pressed" from="LPanelBackImage/ShowHidePanels" to="." method="_on_ShowHidePanels_pressed"]
