[gd_scene load_steps=10 format=2]

[ext_resource path="res://assets/fonts/Freecoil-Regular.otf" type="DynamicFontData" id=1]
[ext_resource path="res://assets/images/icons/direction_button_right2.png" type="Texture" id=2]
[ext_resource path="res://assets/themes/default.tres" type="Theme" id=3]
[ext_resource path="res://scenes/Global/TitleLabel.tscn" type="PackedScene" id=4]
[ext_resource path="res://assets/images/icons/direction_button_left2.png" type="Texture" id=5]

[sub_resource type="GDScript" id=1]
script/source = "extends ReferenceRect

onready var background:ColorRect = get_node(\"ColorRectBlack\")
onready var scoreboard:GridContainer = get_node(\"VBoxContainer/VBoxContainer/ScrollContainer/GridContainer\")
onready var player_or_team_stats:CheckButton = get_node(\"VBoxContainer/VBoxContainer/PlayerOrTeamStats\")
onready var title: VBoxContainer = get_node(\"VBoxContainer/VBoxContainer/Title\")
onready var board_title: Label = get_node(\"VBoxContainer/VBoxContainer/BoardTitle\")
onready var main_scoreboard_container: VBoxContainer = get_node(\"VBoxContainer/VBoxContainer\")
onready var scrollcontainer:ScrollContainer = get_node(\"VBoxContainer/VBoxContainer/ScrollContainer\")
onready var gridcontainer: GridContainer = get_node(\"VBoxContainer/VBoxContainer/ScrollContainer/GridContainer\")
onready var menu_nav_buttons:HBoxContainer = get_node(\"VBoxContainer/MenuNavButtons\")
onready var continue_button: Button = get_node(\"VBoxContainer/Continue\")
onready var current_board_displayed: LineEdit = get_node(\"VBoxContainer/MenuNavButtons/VBoxContainer/HBoxContainer/CurrentBoard\")
onready var prior_board_displayed: LineEdit = get_node(\"VBoxContainer/MenuNavButtons/VBoxContainer/HBoxContainer/PriorBoard\")
onready var next_board_displayed: LineEdit = get_node(\"VBoxContainer/MenuNavButtons/VBoxContainer/HBoxContainer/NextBoard\")
var kd_ratio: Array
var accuracy: Array
var game_objective: String
var scoreboard_categories: Array
var measurement_details: Dictionary
var board_number: int #Currently viewed board number
var board_array: Array
var prior_board_number: int #Index of the prior board
var next_board_number: int #Index of the next board
var total_boards: int #Total number of boards in the scoreboard
var game_status
var view_scoreboard_during_game
var team_amount: int
var view_team_stats: bool
var players_ranked_by_column1_stat: Array
var scoreboard_type

func _ready():
    view_scoreboard_during_game = false
    view_team_stats = false
    board_number = 0

    if PM.Settings.Session.get_data(\"team_amount\") != null:
        _update_team_amount(PM.Settings.Session.get_data(\"team_amount\"))
    PM.Settings.Session.connect(PM.Settings.Session.monitor_data(
            \"team_amount\"), self, \"update_team_amount\")

    #Standard Board Layouts
    kd_ratio = [\"KD Ratio\", \"Kill Count\", \"Death Count\"]
    accuracy = [\"Accuracy\", \"Shots\", \"Hits\"]

    if PM.Settings.Session.get_data(\"game_objective\") != null:
        _update_game_objective(PM.Settings.Session.get_data(\"game_objective\"))
    PM.Settings.Session.connect(PM.Settings.Session.monitor_data(
            \"game_objective\"), self, \"_update_game_objective\")

    #measurement_details includes the main details on how measurements are performed
    measurement_details = {\\
            \"Shots\":{\"name\":\"Shots\", \"stat_by_mup\":\"player_shots_by_mup\"},\\
            \"Hits\":{\"name\":\"Hits\", \"stat_by_mup\":\"player_hits_by_mup\"},\\
            \"Kill Count\":{\"name\":\"Kills\", \"stat_by_mup\":\"player_kills_by_mup\", \"winner\":\"highest_score\"},\\
            \"Death Count\":{\"name\":\"Deaths\", \"stat_by_mup\":\"player_deaths_by_mup\", \"winner\":\"lowest_score\"},\\
            \"KD Ratio\":{\"name\":\"KD Ratio\", \"stat_by_mup\":\"calc_div1\", \"stats\":[\"player_kills_by_mup\", \"player_deaths_by_mup\"], \"winner\":\"highest_score\"},\\
            \"Accuracy\":{\"name\":\"Accuracy (%)\", \"stat_by_mup\":\"calc_div2\", \"stats\":[\"player_hits_by_mup\", \"player_shots_by_mup\"], \"winner\":\"highest_score\"},\\
            \"Flag Count\":{\"name\":\"Flags\", \"stat_by_mup\":\"TBD\", \"winner\":\"highest_score\"}}

    PM.Settings.Session.connect(PM.Settings.Session.monitor_data(
            \"game_status\"), self, \"setup_scoreboard\")
    PM.Settings.Session.connect(PM.Settings.Session.monitor_data(
            \"view_scoreboard_during_game\"), self, \"setup_scoreboard\")

    scrollcontainer.get_v_scrollbar().rect_min_size.x = 50
    scrollcontainer.get_h_scrollbar().rect_min_size.y = 50
    continue_button.visible = false

func setup_scoreboard(__):
    game_status = PM.Settings.Session.get_data(\"game_status\")
    game_objective = PM.Settings.Session.get_data(\"game_objective\")
    view_scoreboard_during_game = PM.Settings.Session.get_data(\"view_scoreboard_during_game\")

    if game_status != null and game_objective != null:
        if (view_scoreboard_during_game == true or game_status == 5 or 
            game_status == 12 or game_status == 6 or game_status == 13):
            if game_status == 5 or game_status == 12:
                #Disconnect old signals first
                if view_scoreboard_during_game == true:
                    yield(_disconnect_in_game_scoreboard_signals(), \"completed\")
                background.visible = true
                title.visible = true
                if team_amount > 1:
                    player_or_team_stats.visible = true
                menu_nav_buttons.visible = true
                continue_button.visible = true
                board_title.visible = true
                gridcontainer.rect_min_size.x = 540
                scrollcontainer.rect_min_size.y = 399
                main_scoreboard_container.rect_min_size.y = 590
                scoreboard_type = \"final\"
                yield(populate_scoreboard(null), \"completed\")
                var Scoreboard = get_tree().root.get_node(\"Container\").current_scene.get_node(\"Scoreboard\")
                PM.SS[\"GameCommon\"].instant_move_panel_in(Scoreboard)
            elif view_scoreboard_during_game == true:
                background.visible = false
                title.visible = false
                player_or_team_stats.visible = false
                menu_nav_buttons.visible = false
                continue_button.visible = false
                board_title.visible = false
                gridcontainer.rect_min_size.x = 300
                scrollcontainer.rect_min_size.y = 269
                main_scoreboard_container.rect_min_size.y = 460
                scoreboard_type = \"ingame\"
                yield(populate_scoreboard(null), \"completed\")
            #Connect new signals
            var signal_var
            var number_of_signals_to_connect: int
            var signals_to_connect_in_entire_scoreboard = []
            var board_ammount
            #Define which board(s) to make connections for
            if scoreboard_type == \"ingame\":
                board_ammount = 1
            else: # scoreboard_type == \"final\"
                board_ammount = scoreboard_categories.size()
            #Compile array of connections to make (without duplicates)
            for index in range(0, board_ammount):
                number_of_signals_to_connect = scoreboard_categories[index].size()
                for signal_no in range(0, number_of_signals_to_connect):
                    if (measurement_details[scoreboard_categories[index][signal_no]][\"stat_by_mup\"]).left(5) == \"calc_\":
                        for stat in range(0, 2):
                            signal_var = measurement_details[scoreboard_categories[index][signal_no]][\"stats\"][stat]
                            if not signals_to_connect_in_entire_scoreboard.has(signal_var):
                                signals_to_connect_in_entire_scoreboard.append(signal_var)
                    else:
                        signal_var = measurement_details[scoreboard_categories[index][signal_no]][\"stat_by_mup\"]
                        if not signals_to_connect_in_entire_scoreboard.has(signal_var):
                            signals_to_connect_in_entire_scoreboard.append(signal_var)
            #Make connections
            for index in signals_to_connect_in_entire_scoreboard.size():
                signal_var = signals_to_connect_in_entire_scoreboard[index]
                PM.Settings.Session.connect(PM.Settings.Session.monitor_data(signal_var), \\
                    self, \"populate_scoreboard\")
            if PM.Settings.Session.get_data(\"is_host\") and scoreboard_type == \"final\":
                continue_button.visible = true
        if view_scoreboard_during_game == false:
            yield(_disconnect_in_game_scoreboard_signals(), \"completed\")
    if scoreboard_type == \"final\":
        _set_board_number_scroll()

func populate_scoreboard(__):
    yield(get_tree(), \"idle_frame\")
    clear_scoreboard()
    board_array = scoreboard_categories[board_number]
    
    #Column 1 is the single column that might include calculated values
    var column1_data
    if (measurement_details[board_array[0]][\"stat_by_mup\"]).left(5) == \"calc_\":
        var stats_array = measurement_details[board_array[0]][\"stats\"]
        var calc_type = measurement_details[board_array[0]][\"stat_by_mup\"]
        column1_data = calculate_stat(stats_array, calc_type)
    else:
        var stat = measurement_details[game_objective][\"stat_by_mup\"]
        column1_data = PM.Settings.Session.get_data(stat)

    #Use Column 1 to organize data of the entire board
    players_ranked_by_column1_stat = []
    for mup in column1_data:
        var stat = column1_data[mup]
        for rank in range(0, players_ranked_by_column1_stat.size()):
            var player_id = players_ranked_by_column1_stat[rank]
            var compare_stats = column1_data[player_id]
            if stat > compare_stats:
                if players_ranked_by_column1_stat.has(mup):
                    pass
                else:
                    players_ranked_by_column1_stat.insert(rank, mup)
        if players_ranked_by_column1_stat.has(mup):
            pass
        else:
            players_ranked_by_column1_stat.append(mup)
    if measurement_details[board_array[0]][\"winner\"] == \"lowest_score\":
        players_ranked_by_column1_stat.invert()

    #Compile array that includes all data columns
    var measure_array = []
    for measure in range(board_array.size()):
        if measure == 0:
            measure_array.append(column1_data)
        else:
            measure_array.append(PM.Settings.Session.get_data(measurement_details[board_array[measure]][\"stat_by_mup\"]))

    #Left box of title row (\"Name\")
    var title_name_label = Label.new()
    title_name_label.set_name(\"SB_title_name\")
    title_name_label.align = 0
    title_name_label.valign = 1
    if scoreboard_type == \"ingame\":
        title_name_label.rect_min_size.x = 150
    title_name_label.size_flags_vertical = 1
    title_name_label.size_flags_horizontal = 3
    title_name_label.size_flags_vertical = 3
    title_name_label.show()
    scoreboard.add_child(title_name_label)
    title_name_label.add_to_group(\"SB_final\")
    title_name_label.text = \"Name\"

    #Remainder of title row
    for index in range(0, board_array.size()):
        var title_value_label = Label.new()
        title_value_label.set_name(\"SB_title\" + str(index))
        title_value_label.align = 1
        title_value_label.valign = 1
        if scoreboard_type == \"ingame\":
            title_value_label.rect_min_size.x = 186
        title_value_label.size_flags_horizontal = 3
        title_value_label.size_flags_vertical = 3
        title_value_label.show()
        scoreboard.add_child(title_value_label)
        title_value_label.add_to_group(\"SB_final\")
        title_value_label.text = board_array[index]

    #Player name column (added per order of players_ranked_by_column1_stat)
    for index in range(0, players_ranked_by_column1_stat.size()):
        var mup = players_ranked_by_column1_stat[index]
        var player_name = PM.Settings.Session.get_data(\"player_name_by_mup\")[mup]
        var name_label = Label.new()
        name_label.set_name(\"SB_\" + player_name + \"_name\")
        name_label.align = 0
        name_label.valign = 1
        if scoreboard_type == \"ingame\":
            name_label.rect_min_size.x = 150
        name_label.size_flags_horizontal = 3
        name_label.size_flags_vertical = 3
        if index % 2 == 0: #Even indexes
            name_label.self_modulate = Color(120.0/255.0, 120.0/255.5, 120.0/255.0, 1)
        else: #Odd indexes
            name_label.self_modulate = Color(180.0/255.0, 180.0/255.5, 180.0/255.0, 1)
        name_label.show()
        scoreboard.add_child(name_label)
        name_label.text = player_name

        #Game data
        for index2 in range(0, measure_array.size()):
            var stat_name = board_array[index2]
            var stat_value = measure_array[index2][players_ranked_by_column1_stat[index]]
            var value_label = Label.new()
            value_label.set_name(\"SB_\" + player_name + \"_\" + stat_name)
            value_label.align = 1
            value_label.valign = 1
            if scoreboard_type == \"ingame\":
                value_label.rect_min_size.x = 186
            value_label.size_flags_horizontal = 3
            value_label.size_flags_vertical = 3
            if index % 2 == 0: #Even indexes
                value_label.self_modulate = Color(120.0/255.0, 120.0/255.5, 120.0/255.0, 1)
            else: #Odd indexes
                value_label.self_modulate = Color(180.0/255.0, 180.0/255.5, 180.0/255.0, 1)
            value_label.show()
            scoreboard.add_child(value_label)
            value_label.text = str(stat_value)
    if scoreboard_type == \"final\":
        gridcontainer.size_flags_vertical = 2

func calculate_stat(stats_array, calc_type):
    var stat_by_mup = {}
    if calc_type == \"calc_div1\": #Result = Stat1/Stat2, if Stat2 = 0 then Result = Stat1
        if team_amount == 0:
            var stat1_by_mup = PM.Settings.Session.get_data(stats_array[0])
            var stat2_by_mup = PM.Settings.Session.get_data(stats_array[1])
            for mup_id in stat1_by_mup:
                if stat2_by_mup[mup_id] > 0:
                    stat_by_mup[mup_id] = str(stepify(float(stat1_by_mup[mup_id])/float(stat2_by_mup[mup_id]), 0.01))
                else:
                    stat_by_mup[mup_id] = str(stepify(float(stat1_by_mup[mup_id]), 0.01))
    elif calc_type == \"calc_div2\": #Result = Stat1/Stat2, if Stat2 = 0 then Result = 0
        if team_amount == 0:
            var stat1_by_mup = PM.Settings.Session.get_data(stats_array[0])
            var stat2_by_mup = PM.Settings.Session.get_data(stats_array[1])
            for mup_id in stat1_by_mup:
                if stat2_by_mup[mup_id] > 0:
                    stat_by_mup[mup_id] = str(100 * stepify(float(stat1_by_mup[mup_id])/float(stat2_by_mup[mup_id]), 0.01))
                    if int(stat_by_mup[mup_id]) > 100:
                        stat_by_mup[mup_id] = str(100)
                else:
                    stat_by_mup[mup_id] = str(stepify(0.00, 0.01))
    return stat_by_mup

func clear_scoreboard():
    for child in scoreboard.get_children():
        child.queue_free()

func _on_CheckButton_button_down():
    view_team_stats = true
    populate_scoreboard(null)

func _on_CheckButton_button_up():
    view_team_stats = false
    populate_scoreboard(null)

func _on_LButton_pressed():
    board_number -= 1
    if board_number < 0:
        board_number = total_boards
    _set_board_number_scroll()

func _on_RButton_pressed():
    board_number += 1
    if board_number > total_boards:
        board_number = 0
    _set_board_number_scroll()

func _set_board_number_scroll():
    prior_board_number = board_number - 1
    if prior_board_number < 0:
        prior_board_number = total_boards

    next_board_number = board_number + 1
    if next_board_number > total_boards:
        next_board_number = 0
    
    var current_board_name = measurement_details[scoreboard_categories[board_number][0]][\"name\"]
    var board_title_prefix = \"\"
    if board_number == 0:
        board_title_prefix = \"Game Score - \"
        current_board_displayed.text = \"Game Score\"
    else:
        current_board_displayed.text = current_board_name
    board_title.text = board_title_prefix + current_board_name

    var prior_board_name = measurement_details[scoreboard_categories[prior_board_number][0]][\"name\"]
    if prior_board_number == 0:
        prior_board_displayed.text = \"Game Score\"
    else:
        prior_board_displayed.text = prior_board_name
    
    var next_board_name = measurement_details[scoreboard_categories[next_board_number][0]][\"name\"]
    if next_board_number == 0:
        next_board_displayed.text = \"Game Score\"
    else:
        next_board_displayed.text = next_board_name

    scoreboard.columns = scoreboard_categories[board_number].size() + 1
    populate_scoreboard(null)

func _disconnect_in_game_scoreboard_signals():
    yield(get_tree(), \"idle_frame\")
    var signal_var
    if (measurement_details[board_array[0]][\"stat_by_mup\"]).left(5) == \"calc_\":
        for stat in range(0, 2):
            signal_var = measurement_details[board_array[0]][\"stats\"][stat]
            PM.Settings.Session.disconnect(PM.Settings.Session.monitor_data(signal_var), \\
                    self, \"populate_scoreboard\")
    else:
        signal_var = measurement_details[board_array[0]][\"stat_by_mup\"]
        PM.Settings.Session.disconnect(PM.Settings.Session.monitor_data(signal_var), \\
                self, \"populate_scoreboard\")

func _update_team_amount(new_ammount):
    if new_ammount != null:
        team_amount = new_ammount
        if team_amount > 1:
            player_or_team_stats.visible = true
        else:
            player_or_team_stats.visible = false

func _update_game_objective(new_objective):
    if new_objective != null:
        game_objective = new_objective
        #scoreboard_categories outlines the boards and included columns of the entire scoreboard
        #Board1 is the actual scoreboard for a given game (win criteria)
        if game_objective == \"Kill Count\":
            scoreboard_categories = [[\"Kill Count\"], kd_ratio, accuracy]
        elif game_objective == \"KD Ratio\":
            scoreboard_categories = [[\"KD Ratio\"], kd_ratio, accuracy]
        elif game_objective == \"Death Count\":
            scoreboard_categories = [[\"Death Count\"], kd_ratio, accuracy]
        elif game_objective == \"Flag Count\":
            scoreboard_categories = [[\"Flag Count\"], kd_ratio, accuracy]
        total_boards = scoreboard_categories.size() - 1 #Subtract 1 to account for 0 Index
        board_array = scoreboard_categories[board_number]

func _on_Continue_pressed():
    var Scoreboard = get_tree().root.get_node(\"Container\").current_scene.get_node(\"Scoreboard\")
    PM.SS[\"GameCommon\"].instant_move_panel_out(Scoreboard)
    var EndofGame = get_tree().root.get_node(\"Container\").current_scene.get_node(\"EndofGame\")
    PM.SS[\"GameCommon\"].instant_move_panel_in(EndofGame)
    PM.get_tree().root.get_node(\"Container/UI\").get_child(0).get_node(
        \"MenuBackground/GUISettingsButtons/VBoxContainer\"
    ).hide()
"

[sub_resource type="StyleBoxEmpty" id=2]

[sub_resource type="DynamicFont" id=3]
size = 20
font_data = ExtResource( 1 )

[sub_resource type="DynamicFont" id=4]
size = 20
font_data = ExtResource( 1 )

[node name="Scoreboard" type="ReferenceRect"]
margin_left = 3240.0
margin_right = 3780.0
margin_bottom = 960.0
rect_min_size = Vector2( 540, 960 )
mouse_filter = 2
theme = ExtResource( 3 )
script = SubResource( 1 )
__meta__ = {
"_editor_description_": "6,0"
}

[node name="ColorRectBlack" type="ColorRect" parent="."]
margin_right = 540.0
margin_bottom = 960.0
rect_min_size = Vector2( 540, 960 )
color = Color( 0, 0, 0, 1 )
__meta__ = {
"_edit_use_anchors_": false,
"_editor_description_": ""
}

[node name="VBoxContainer" type="VBoxContainer" parent="."]
margin_top = 160.0
margin_right = 540.0
margin_bottom = 960.0
rect_min_size = Vector2( 540, 800 )
mouse_filter = 2
size_flags_horizontal = 6
size_flags_vertical = 6
__meta__ = {
"_edit_use_anchors_": false
}

[node name="VBoxContainer" type="VBoxContainer" parent="VBoxContainer"]
margin_right = 540.0
margin_bottom = 460.0
rect_min_size = Vector2( 540, 460 )

[node name="Title" parent="VBoxContainer/VBoxContainer" instance=ExtResource( 4 )]
margin_bottom = 75.0

[node name="TitleLabel" parent="VBoxContainer/VBoxContainer/Title" index="0"]
text = "Scoreboard"

[node name="HSeparator" parent="VBoxContainer/VBoxContainer/Title" index="1"]
margin_top = 65.0
margin_bottom = 75.0

[node name="PlayerOrTeamStats" type="CheckButton" parent="VBoxContainer/VBoxContainer"]
margin_top = 83.0
margin_right = 540.0
margin_bottom = 143.0
rect_min_size = Vector2( 540, 60 )
text = "View Stats By Player/Team"

[node name="BoardTitle" type="Label" parent="VBoxContainer/VBoxContainer"]
margin_top = 151.0
margin_right = 540.0
margin_bottom = 183.0
rect_min_size = Vector2( 540, 32 )
size_flags_horizontal = 4
text = "Board Title"
align = 1
valign = 1
uppercase = true

[node name="ScrollContainer" type="ScrollContainer" parent="VBoxContainer/VBoxContainer"]
margin_top = 191.0
margin_right = 540.0
margin_bottom = 460.0
rect_min_size = Vector2( 540, 269 )
mouse_filter = 2
size_flags_vertical = 10

[node name="GridContainer" type="GridContainer" parent="VBoxContainer/VBoxContainer/ScrollContainer"]
margin_left = 55.0
margin_top = 201.0
margin_right = 485.0
margin_bottom = 269.0
rect_min_size = Vector2( 430, 0 )
rect_clip_content = true
size_flags_horizontal = 6
size_flags_vertical = 10
columns = 2

[node name="Label" type="Label" parent="VBoxContainer/VBoxContainer/ScrollContainer/GridContainer"]
self_modulate = Color( 0.705882, 0.705882, 0.705882, 1 )
margin_right = 213.0
margin_bottom = 28.0
size_flags_horizontal = 3
size_flags_vertical = 0
text = "test"

[node name="Label2" type="Label" parent="VBoxContainer/VBoxContainer/ScrollContainer/GridContainer"]
self_modulate = Color( 0.470588, 0.470588, 0.470588, 1 )
margin_left = 217.0
margin_right = 430.0
margin_bottom = 28.0
size_flags_horizontal = 3
size_flags_vertical = 0
text = "test"

[node name="LineEdit" type="LineEdit" parent="VBoxContainer/VBoxContainer/ScrollContainer/GridContainer"]
margin_top = 32.0
margin_right = 213.0
margin_bottom = 68.0
size_flags_horizontal = 3
size_flags_vertical = 0

[node name="LineEdit2" type="LineEdit" parent="VBoxContainer/VBoxContainer/ScrollContainer/GridContainer"]
margin_left = 217.0
margin_top = 32.0
margin_right = 430.0
margin_bottom = 68.0
size_flags_horizontal = 3
size_flags_vertical = 0

[node name="HSeparator1" type="HSeparator" parent="VBoxContainer"]
margin_top = 468.0
margin_right = 540.0
margin_bottom = 472.0

[node name="MenuNavButtons" type="HBoxContainer" parent="VBoxContainer"]
margin_top = 540.0
margin_right = 540.0
margin_bottom = 630.0
rect_min_size = Vector2( 540, 90 )
size_flags_horizontal = 6
size_flags_vertical = 10
__meta__ = {
"_edit_use_anchors_": false
}

[node name="LButton" type="Button" parent="VBoxContainer/MenuNavButtons"]
margin_right = 70.0
margin_bottom = 90.0
rect_min_size = Vector2( 70, 90 )
size_flags_vertical = 0
icon = ExtResource( 5 )
flat = true
__meta__ = {
"_editor_description_": ""
}

[node name="VBoxContainer" type="VBoxContainer" parent="VBoxContainer/MenuNavButtons"]
margin_left = 75.0
margin_top = 9.0
margin_right = 465.0
margin_bottom = 81.0
rect_min_size = Vector2( 390, 0 )
size_flags_horizontal = 6
size_flags_vertical = 6

[node name="CategoryTitle" type="Label" parent="VBoxContainer/MenuNavButtons/VBoxContainer"]
margin_left = 115.0
margin_right = 275.0
margin_bottom = 28.0
rect_min_size = Vector2( 160, 28 )
size_flags_horizontal = 6
custom_styles/normal = SubResource( 2 )
text = "Category:"
align = 1
valign = 2

[node name="HBoxContainer" type="HBoxContainer" parent="VBoxContainer/MenuNavButtons/VBoxContainer"]
margin_top = 36.0
margin_right = 390.0
margin_bottom = 72.0

[node name="PriorBoard" type="LineEdit" parent="VBoxContainer/MenuNavButtons/VBoxContainer/HBoxContainer"]
modulate = Color( 1, 1, 1, 0.588235 )
margin_left = 3.0
margin_right = 123.0
margin_bottom = 36.0
rect_min_size = Vector2( 120, 36 )
size_flags_horizontal = 6
size_flags_vertical = 4
custom_fonts/font = SubResource( 3 )
text = "TBD"
align = 1
editable = false
expand_to_text_length = true
selecting_enabled = false
__meta__ = {
"_editor_description_": ""
}

[node name="CurrentBoard" type="LineEdit" parent="VBoxContainer/MenuNavButtons/VBoxContainer/HBoxContainer"]
margin_left = 132.0
margin_right = 257.0
margin_bottom = 36.0
rect_min_size = Vector2( 125, 36 )
size_flags_horizontal = 6
size_flags_vertical = 4
custom_fonts/font = SubResource( 4 )
text = "TBD"
align = 1
editable = false
expand_to_text_length = true
selecting_enabled = false
__meta__ = {
"_editor_description_": ""
}

[node name="NextBoard" type="LineEdit" parent="VBoxContainer/MenuNavButtons/VBoxContainer/HBoxContainer"]
modulate = Color( 1, 1, 1, 0.588235 )
margin_left = 266.0
margin_right = 386.0
margin_bottom = 36.0
rect_min_size = Vector2( 120, 36 )
size_flags_horizontal = 6
size_flags_vertical = 4
custom_fonts/font = SubResource( 3 )
text = "TBD"
align = 1
editable = false
expand_to_text_length = true
selecting_enabled = false
__meta__ = {
"_editor_description_": ""
}

[node name="RButton" type="Button" parent="VBoxContainer/MenuNavButtons"]
margin_left = 470.0
margin_right = 540.0
margin_bottom = 90.0
rect_min_size = Vector2( 70, 90 )
size_flags_vertical = 0
icon = ExtResource( 2 )
flat = true
__meta__ = {
"_editor_description_": ""
}

[node name="HSeparator2" type="HSeparator" parent="VBoxContainer"]
margin_top = 638.0
margin_right = 540.0
margin_bottom = 642.0

[node name="Continue" type="Button" parent="VBoxContainer"]
margin_top = 720.0
margin_right = 540.0
margin_bottom = 800.0
rect_min_size = Vector2( 540, 80 )
size_flags_vertical = 10
text = "Continue"
__meta__ = {
"_editor_description_": ""
}

[connection signal="button_down" from="VBoxContainer/VBoxContainer/PlayerOrTeamStats" to="." method="_on_CheckButton_button_down"]
[connection signal="button_up" from="VBoxContainer/VBoxContainer/PlayerOrTeamStats" to="." method="_on_CheckButton_button_up"]
[connection signal="pressed" from="VBoxContainer/MenuNavButtons/LButton" to="." method="_on_LButton_pressed"]
[connection signal="pressed" from="VBoxContainer/MenuNavButtons/RButton" to="." method="_on_RButton_pressed"]
[connection signal="pressed" from="VBoxContainer/Continue" to="." method="_on_Continue_pressed" flags=3]

[editable path="VBoxContainer/VBoxContainer/Title"]
