[gd_scene load_steps=25 format=2]

[ext_resource path="res://assets/themes/default.tres" type="Theme" id=1]
[ext_resource path="res://assets/fonts/Freecoil-Regular.otf" type="DynamicFontData" id=2]
[ext_resource path="res://assets/images/icons/direction_button_up2.png" type="Texture" id=3]
[ext_resource path="res://scenes/Global/TitleLabel.tscn" type="PackedScene" id=4]
[ext_resource path="res://assets/images/icons/add_button.png" type="Texture" id=5]
[ext_resource path="res://assets/images/icons/direction_button_down2.png" type="Texture" id=6]
[ext_resource path="res://assets/images/icons/subtract_button.png" type="Texture" id=7]
[ext_resource path="res://assets/images/icons/purchase_button.png" type="Texture" id=8]
[ext_resource path="res://assets/images/icons/direction_button_right2.png" type="Texture" id=9]
[ext_resource path="res://assets/images/icons/direction_button_left2.png" type="Texture" id=10]

[sub_resource type="GDScript" id=57]
script/source = "extends ReferenceRect

##Group name convention (primarily referring to gridcontainer child nodes):
##ALL group names in the Supply Depot to start with \"SD_\" prefix

onready var shop_title:Label = get_node(\"VBox/Shop/Title\")
onready var scrollcontainer:ScrollContainer = get_node(\"VBox/Shop/ScrollBox\")
onready var gridcontainer:GridContainer = get_node(\"VBox/Shop/ScrollBox/GridBox\")
onready var prior_shop_container:LineEdit = get_node(\"VBox/DepotNavButtons/VBox/HBox/PriorShop\")
onready var current_shop_container:LineEdit = get_node(\"VBox/DepotNavButtons/VBox/HBox/CurrentShop\")
onready var next_shop_container:LineEdit = get_node(\"VBox/DepotNavButtons/VBox/HBox/NextShop\")
onready var desc_of_selected_item:Label = get_node(\"VBox/Shop/ShopNavControls/VBox2/Desc\")
onready var total_cost_container = get_node(\"VBox/CreditsBox/HBox/Cost\")
onready var credits_container = get_node(\"VBox/CreditsBox/HBox2/CurrentCredits\")

var shop_tables:Dictionary
var current_shop_table:Dictionary
var shop_type:String

var is_medic:bool
var supply_depot:Dictionary
var supply_depot_active:bool
var supply_depot_active_shops:Dictionary
var active_shops:Dictionary
var number_of_shops:int #total number of active shops

var current_shop_view:int = 1 #shop that is currently viewed
var prior_shop_view:int #next shop on view list
var next_shop_view:int #prior shop on view list

var selected_shop_rows:Array = [0,1,1,1,1,1,1,1] #7 Shops (0-Index is filler only)

var armory:Dictionary
var firearms_owned:Array
var inventory:Dictionary

func _ready():
    #size of scrollcontainer slides
    scrollcontainer.get_v_scrollbar().rect_min_size.x = 50

    PM.Settings.Session.set_data(\"inventory\", PM.Settings.Session.get_data(\"initial_inventory\"))

    _populate_table_dictionaries()

    PM.Settings.Session.connect(PM.Settings.Session.monitor_data(\"supply_depot\"), \\
            self, \"_update_guard_variables\")
    PM.Settings.Session.connect(PM.Settings.Session.monitor_data(\"supply_depot_active\"), \\
            self, \"_update_guard_variables\")
    PM.Settings.Session.connect(PM.Settings.Session.monitor_data(\"supply_depot_active_shops\"), \\
            self, \"_update_guard_variables\")
    PM.Settings.Session.connect(PM.Settings.Session.monitor_data(\"is_medic\"), \\
            self, \"_update_guard_variables\")
    PM.Settings.Session.connect(PM.Settings.Session.monitor_data(\"game_weapon_types\"), \\
            self, \"_update_guard_variables\")
    PM.Settings.Session.connect(PM.Settings.Session.monitor_data(\"game_player_weapons\"), \\
            self, \"_update_guard_variables\")
    PM.Settings.Session.connect(PM.Settings.Session.monitor_data(\"inventory\"), \\
            self, \"_update_guard_variables\")
    PM.Settings.Session.connect(PM.Settings.Session.monitor_data(\"initial_inventory\"), \\
            self, \"_update_to_initial_inventory\")

func _update_supply_depot():
    yield(get_tree(), \"idle_frame\")
    if supply_depot_active:
        for key in supply_depot_active_shops:
            if is_medic and (int(key.right(4)) < 5 or int(key.right(4)) == 6): #Only Health and Barracks (Shop 5 & 7) allowed for medics
                active_shops[key] = false
            elif not is_medic and int(key.right(4)) == 5: #Health (Shop 5) only allowed for medics
                active_shops[key] = false
            else:
                active_shops[key] = supply_depot_active_shops[key]
            if active_shops[key]:
                number_of_shops += 1
        if not active_shops[\"Shop\" + str(current_shop_view)]:
            _on_RButton_pressed()
        else:
            _determine_prior_and_next_shop_number()

func _on_LButton_pressed():
    if number_of_shops > 0:
        current_shop_view = current_shop_view - 1
        if current_shop_view < 1:
            current_shop_view = 7
        while active_shops[\"Shop\" + str(current_shop_view)] == false:
            current_shop_view = current_shop_view - 1
            if current_shop_view < 1:
                current_shop_view = 7
        _determine_prior_and_next_shop_number()

func _on_RButton_pressed():
    if number_of_shops > 0:
        current_shop_view = current_shop_view + 1
        if current_shop_view > 7:
            current_shop_view = 1
        while active_shops[\"Shop\" + str(current_shop_view)] == false:
            current_shop_view = current_shop_view + 1
            if current_shop_view > 7:
                current_shop_view = 1
        _determine_prior_and_next_shop_number()

func _determine_prior_and_next_shop_number():
    if number_of_shops > 1:
        prior_shop_view = current_shop_view - 1
        if prior_shop_view < 1:
            prior_shop_view = 7
        while active_shops[\"Shop\" + str(prior_shop_view)] == false:
            prior_shop_view = prior_shop_view - 1
            if prior_shop_view < 1:
                prior_shop_view = 7

        next_shop_view = current_shop_view + 1
        if next_shop_view > 7:
            next_shop_view = 1
        while active_shops[\"Shop\" + str(next_shop_view)] == false:
            next_shop_view = next_shop_view + 1
            if next_shop_view > 7:
                next_shop_view = 1

        _set_GameSettings_view()

func _set_GameSettings_view():
    yield(get_tree(), \"idle_frame\")
    current_shop_table = shop_tables[\"shop\" + str(current_shop_view)]
    shop_type = current_shop_table[\"type\"]
    prior_shop_container.text = supply_depot[\"Shop\" + str(prior_shop_view)][\"name\"]
    current_shop_container.text = supply_depot[\"Shop\" + str(current_shop_view)][\"name\"]
    next_shop_container.text = supply_depot[\"Shop\" + str(next_shop_view)][\"name\"]
    shop_title.text = supply_depot[\"Shop\" + str(current_shop_view)][\"name\"]
    _populate_current_shop()

func _populate_current_shop():
    yield(get_tree(), \"idle_frame\")
    yield(_empty_current_shop(), \"completed\")
    yield(get_tree(), \"idle_frame\")
    var grid_columns = current_shop_table[\"shop_titles\"].size()
    inventory = PM.Settings.Session.get_data(\"inventory\")
    armory = PM.Settings.Session.get_data(\"game_weapon_types\")
    gridcontainer.columns = grid_columns
    if shop_type == \"standard\" or shop_type == \"armory\": #Titles
        for column_no in range(1, grid_columns + 1): #Populate title row of table
            var title_label = Label.new()
            title_label.set_name(\"SD_\" + current_shop_table[\"shop_titles\"][\"Column\" + str(column_no)] + \"_Title\")
            title_label.valign = 1
            if column_no == 1:
                title_label.align = 0
            else:
                title_label.align = 1
            title_label.show()
            gridcontainer.add_child(title_label)
            title_label.text = current_shop_table[\"shop_titles\"][\"Column\" + str(column_no)] #Assign after to overcome centering issue
    if shop_type == \"standard\":
        var row_number = 0
        for key in supply_depot[\"Shop\" + str(current_shop_view)]: #Populate all other rows of table
            if key.left(4) == \"Item\":
                var item_dictionary = supply_depot[\"Shop\" + str(current_shop_view)][key]
                if item_dictionary[\"active\"]:
                    row_number = row_number + 1
                    for column_name in [\"Name\", \"Cost\", \"Buy\", \"Own\"]:
                        var table_cell
                        if column_name == \"Name\":
                            table_cell = Label.new()
                            table_cell.set_name(\"SD_\" + key.right(4) + column_name)
                            table_cell.show()
                            gridcontainer.add_child(table_cell)
                            table_cell.align = 0
                            table_cell.valign = 1
                            table_cell.rect_min_size.x = 284
#                            table_cell.set(\"custom_style/normal\", 2)
                            if int(key.right(4)) % 2 == 0: #Even indexes
                                table_cell.self_modulate = Color(120.0/255.0, 120.0/255.5, 120.0/255.0, 1)
                            else: #Odd indexes
                                table_cell.self_modulate = Color(180.0/255.0, 180.0/255.5, 180.0/255.0, 1)
                            table_cell.text = item_dictionary[\"name\"]
                            table_cell.set_meta(\"desc\", item_dictionary[\"desc\"])
                            table_cell.add_to_group(\"SD_table\")
                            table_cell.add_to_group(\"SD_row_\" + str(row_number))
                        elif column_name == \"Cost\":
                            table_cell = Label.new()
                            table_cell.set_name(\"SD_\" + key.right(4) + column_name)
                            table_cell.show()
                            gridcontainer.add_child(table_cell)
                            table_cell.align = 1
                            table_cell.valign = 1
                            table_cell.rect_min_size.x = 98
                            if int(key.right(4)) % 2 == 0: #Even indexes
                                table_cell.self_modulate = Color(120.0/255.0, 120.0/255.5, 120.0/255.0, 1)
                            else: #Odd indexes
                                table_cell.self_modulate = Color(180.0/255.0, 180.0/255.5, 180.0/255.0, 1)
                            table_cell.text = str(item_dictionary[\"cost\"])
                            table_cell.add_to_group(\"SD_table\")
                            table_cell.add_to_group(\"SD_row_\" + str(row_number))
                        else:
                            table_cell = Label.new()
                            table_cell.set_name(\"SD_\" + key.right(4) + column_name)
                            table_cell.show()
                            gridcontainer.add_child(table_cell)
                            table_cell.align = 1
                            table_cell.valign = 1
                            table_cell.rect_min_size.x = 72
                            if int(key.right(4)) % 2 == 0: #Even indexes
                                table_cell.self_modulate = Color(120.0/255.0, 120.0/255.5, 120.0/255.0, 1)
                            else: #Odd indexes
                                table_cell.self_modulate = Color(180.0/255.0, 180.0/255.5, 180.0/255.0, 1)
                            if column_name == \"Buy\":
                                table_cell.set_meta(\"key\", key)
                            elif column_name == \"Own\":
                                table_cell.text = str(inventory[item_dictionary[\"name\"]])
                            table_cell.add_to_group(\"SD_table\")
                            table_cell.add_to_group(\"SD_row_\" + str(row_number))
    elif shop_type == \"armory\":
        var row_number = 0
        for key in armory:
            row_number = row_number + 1
            var name_label = Label.new()
            name_label.set_name(\"SD_\" + str(key) + \"_Name\")
            name_label.align = 0
            name_label.valign = 1
            name_label.size_flags_vertical = 4
            name_label.rect_min_size.x = 240
            if int(key[1]) % 2 == 0: #Even weapon numbers
                name_label.self_modulate = Color(120.0/255.0, 120.0/255.5, 120.0/255.0, 1)
            else: #Odd indexes
                name_label.self_modulate = Color(180.0/255.0, 180.0/255.5, 180.0/255.0, 1)
            name_label.autowrap = true
            name_label.show()
            gridcontainer.add_child(name_label)
            name_label.text = armory[key][\"name\"] #Assign after to overcome centering issue
            name_label.set_meta(\"key\", str(key))
            var modes = \"\"
            for i in range(0, armory[key][\"shot_modes\"].size()):
                if i != 0:
                    modes = modes + \", \"
                modes = modes + armory[key][\"shot_modes\"][i]
            var desc = \"mag size:\" + str(armory[key][\"magazine_size\"]) + \"\\n\" + \"damage:\" + str(armory[key][\"damage\"]) +\\
                    \"\\n\" + \"modes:\" + modes + \"\\n\" + \"rof:\" + str(armory[key][\"rate_of_fire\"])
            name_label.set_meta(\"desc\", desc)
            name_label.add_to_group(\"SD_table\")
            name_label.add_to_group(\"SD_row_\" + str(row_number))

            var cost_label = Label.new()
            cost_label.set_name(\"SD_\" + str(key) + \"_Cost\")
            cost_label.align = 1
            cost_label.valign = 1
            cost_label.rect_min_size.x = 98
            if int(key[1]) % 2 == 0: #Even weapon numbers
                cost_label.self_modulate = Color(120.0/255.0, 120.0/255.5, 120.0/255.0, 1)
            else: #Odd indexes
                cost_label.self_modulate = Color(180.0/255.0, 180.0/255.5, 180.0/255.0, 1)
            cost_label.show()
            gridcontainer.add_child(cost_label)
            cost_label.text = str(armory[key][\"cost\"]) #Assign after to overcome centering issue
            cost_label.set_meta(\"key\", str(key))
            cost_label.add_to_group(\"SD_table\")
            cost_label.add_to_group(\"SD_row_\" + str(row_number))

            var buy_label = Label.new()
            buy_label.set_name(\"SD_\" + str(key) + \"_Buy\")
            buy_label.align = 1
            buy_label.valign = 1
            buy_label.rect_min_size.x = 72
            if int(key[1]) % 2 == 0: #Even weapon numbers
                buy_label.self_modulate = Color(120.0/255.0, 120.0/255.5, 120.0/255.0, 1)
            else: #Odd indexes
                buy_label.self_modulate = Color(180.0/255.0, 180.0/255.5, 180.0/255.0, 1)
            buy_label.show()
            gridcontainer.add_child(buy_label)
            buy_label.set_meta(\"key\", str(key))
            buy_label.add_to_group(\"SD_table\")
            buy_label.add_to_group(\"SD_row_\" + str(row_number))

            var inventory_label = Label.new()
            inventory_label.set_name(\"SD_\" + str(key) + \"_Own\")
            inventory_label.align = 1
            inventory_label.valign = 1
            inventory_label.rect_min_size.x = 64
            if int(key[1]) % 2 == 0: #Even weapon numbers
                inventory_label.self_modulate = Color(120.0/255.0, 120.0/255.5, 120.0/255.0, 1)
            else: #Odd indexes
                inventory_label.self_modulate = Color(180.0/255.0, 180.0/255.5, 180.0/255.0, 1)
            inventory_label.show()
            gridcontainer.add_child(inventory_label)
            inventory_label.set_meta(\"key\", str(key))
            inventory_label.add_to_group(\"SD_table\")
            inventory_label.add_to_group(\"SD_row_\" + str(row_number))

        #Adapt costs to firearms_owned
        var displayed_zero = \"\" #Used to display blank instead of 0
        var displayed_one = \"X\" #Used to display X instead of 1
        firearms_owned = PM.Settings.Session.get_data(\"game_player_weapons\")
        for firearm in firearms_owned:
            var level = \"ABCD\"
            for digit in level:
                var cost = 0
                var owned = \"\"
                var row_relative = level.find(digit) - level.find(firearm.right(2))
                if digit == firearm.right(2):
                    cost = 0
                    owned = displayed_one
                elif row_relative < 0: #Downgrade cost (recover 50% of original cost)
                    var refund = armory[firearm][\"cost\"]
                    var new_cost = armory[firearm.left(2) + digit][\"cost\"]
                    var final_cost = 0.5 * (new_cost - refund)
                    cost = final_cost
                    owned = displayed_zero
                elif row_relative > 0: #Upgrade cost (recover 100% of original cost)
                    var refund = armory[firearm][\"cost\"]
                    var new_cost = armory[firearm.left(2) + digit][\"cost\"]
                    var final_cost = 1.0 * (new_cost - refund)
                    cost = final_cost
                    owned = displayed_zero
                for child in get_tree().get_nodes_in_group(\"SD_table\"):
                    if child.name.right(child.name.length() - 4) == \"Cost\" and \\
                            child.get_meta(\"key\") == firearm.left(2) + str(digit):
                        child.text = str(cost)
                    elif child.name.right(child.name.length() - 3) == \"Own\" and \\
                            child.get_meta(\"key\") == firearm.left(2) + str(digit):
                        child.text = str(owned)
    yield(_update_cost(), \"completed\")
    _up_or_down_button_pressed()

func _empty_current_shop():
    yield(get_tree(), \"idle_frame\")
    for child in gridcontainer.get_children():
        child.queue_free()

func _on_Up_pressed():
# warning-ignore:integer_division
    var gridcontainer_row_count = int(gridcontainer.get_child_count()/gridcontainer.columns) - 1
    if selected_shop_rows[current_shop_view] == 1:
        selected_shop_rows[current_shop_view] = gridcontainer_row_count
    else:
        selected_shop_rows[current_shop_view] = selected_shop_rows[current_shop_view] - 1
    _up_or_down_button_pressed()

func _on_Down_pressed():
# warning-ignore:integer_division
    var gridcontainer_row_count = int(gridcontainer.get_child_count()/gridcontainer.columns) - 1
    if selected_shop_rows[current_shop_view] == gridcontainer_row_count:
        selected_shop_rows[current_shop_view] = 1
    else:
        selected_shop_rows[current_shop_view] = selected_shop_rows[current_shop_view] + 1
    _up_or_down_button_pressed()

func _up_or_down_button_pressed():
    yield(get_tree(), \"idle_frame\")
    var selected_row = selected_shop_rows[current_shop_view]
    for child in get_tree().get_nodes_in_group(\"SD_table\"):
        if child.is_in_group(\"SD_row_\" + str(selected_row)):
            child.modulate = Color(0,1,0)
            if child.name.right(child.name.length() - 4) == \"Name\":
                desc_of_selected_item.text = child.get_meta(\"desc\")
                if shop_type == \"armory\":
                    scrollcontainer.set_v_scroll((int(selected_row)-3)*40-4)
        else:
            child.modulate = Color(1,1,1)

func _on_Add_pressed():
    var selected_row = selected_shop_rows[current_shop_view]
    var total_cost = int(total_cost_container.text)
    var credits = int(credits_container.text)
    var cost
    var buy
    var owned
    var child_nodepath
    var child2_nodepath
    if shop_type == \"standard\":
        for child in get_tree().get_nodes_in_group(\"SD_table\"):
            if child.is_in_group(\"SD_row_\" + str(selected_row)):
                if child.name.right(child.name.length() - 4) == \"Cost\":
                    cost = int(child.text)
                elif child.name.right(child.name.length() - 3) == \"Own\":
                    owned = child.text
        if credits - total_cost - cost >= 0 and owned != \"∞\":
            for child2 in get_tree().get_nodes_in_group(\"SD_table\"):
                if child2.is_in_group(\"SD_row_\" + str(selected_row)) and \\
                        child2.name.right(child2.name.length() - 3) == \"Buy\":
                    buy = int(child2.text) + 1
                    child2.text = str(buy)
    elif shop_type == \"armory\":
        var displayed_one = \"X\" #Used to display X instead of 1
        var displayed_zero = \"\" #Used to display \"\" instead of 0
        var firearm_number
        for child in get_tree().get_nodes_in_group(\"SD_table\"):
            if child.is_in_group(\"SD_row_\" + str(selected_row)):
                if child.name.right(child.name.length() - 3) == \"Buy\":
                    buy = child.text
                    firearm_number = child.get_meta(\"key\")[1]
                    child_nodepath = child.get_path()
                if child.name.right(child.name.length() - 4) == \"Cost\":
                    cost = int(child.text)
                if child.name.right(child.name.length() - 3) == \"Own\":
                    owned = child.text
        var prior_cost = 0
        var owned_variant_firearm = false
        if buy != displayed_one and owned != displayed_one:
            for child2 in get_tree().get_nodes_in_group(\"SD_table\"):
                if child2.get_meta(\"key\")[1] == firearm_number and \\
                        child2.name.right(child2.name.length() - 3) == \"Buy\" and \\
                        child2.text == displayed_one:
                    child2_nodepath = child2.get_path()
                    owned_variant_firearm = true
                    var temp_firearm = child2.get_meta(\"key\")
                    for child3 in get_tree().get_nodes_in_group(\"SD_table\"):
                        if child3.name.right(child3.name.length() - 4) == \"Cost\" and \\
                                child3.get_meta(\"key\") == temp_firearm:
                            prior_cost = int(child3.text)
            if credits - total_cost - cost + prior_cost >= 0:
                get_node(child_nodepath).text = displayed_one
                if owned_variant_firearm == true:
                    get_node(child2_nodepath).text = displayed_zero
    #FIXME - Add contracts and barracks code
    _update_cost()

func _on_Subtract_pressed():
    var selected_row = selected_shop_rows[current_shop_view]
    if shop_type == \"standard\":
        for child in get_tree().get_nodes_in_group(\"SD_table\"):
            if child.is_in_group(\"SD_row_\" + str(selected_row)) and \\
                    child.name.right(child.name.length() - 3) == \"Buy\":
                var count = int(child.text)
                if count > 0:
                    count = count - 1
                    child.text = str(count)
    if shop_type == \"armory\":
        var displayed_one = \"X\" #Used to display X instead of 1
        var displayed_zero = \"\" #Used to display \"\" instead of 0
        for child in get_tree().get_nodes_in_group(\"SD_table\"):
            if child.is_in_group(\"SD_row_\" + str(selected_row)) and \\
                    child.name.right(child.name.length() - 3) == \"Buy\":
                if child.text == displayed_one:
                    child.text = displayed_zero
    #FIXME - Add contracts and barracks code
    _update_cost()

func _update_cost():
    yield(get_tree(), \"idle_frame\")
    var displayed_zero = \"0\"
    var displayed_one = \"1\"
    if shop_type == \"armory\":
        displayed_zero = \"\"
        displayed_one = \"X\"
    var current_buy = 0
    var current_cost = 0
    var cost = 0
    # warning-ignore:integer_division
    var total_rows = int(gridcontainer.get_child_count()/gridcontainer.columns)
    for row_number in range(1, total_rows):
        for child in get_tree().get_nodes_in_group(\"SD_table\"):
            if child.is_in_group(\"SD_row_\" + str(row_number)):
                if child.name.right(child.name.length() - 3) == \"Buy\":
                    if child.text == displayed_zero:
                        current_buy = 0
                    elif child.text == displayed_one:
                        current_buy = 1
                    else:
                        current_buy = int(child.text)
                elif child.name.right(child.name.length() - 4) == \"Cost\":
                    current_cost = int(child.text)
        if current_buy > 0:
            cost = cost + current_buy * current_cost
    total_cost_container.text = str(cost)
    var credits = int(credits_container.text)
    if cost > credits:
        total_cost_container.modulate = Color(255, 0, 0)
    else:
        total_cost_container.modulate = Color(255, 255, 255)
    total_cost_container.text = str(cost)

func _on_Purchase_pressed():
    var displayed_zero
    var displayed_one
    var total_cost = int(total_cost_container.text)
    var credits = PM.Settings.Session.get_data(\"game_player_credits\")
    if total_cost <= credits:
        yield(_switch_signals_on_off(\"disconnect\"), \"completed\")
        credits = credits - total_cost
        PM.Settings.Session.set_data(\"game_player_credits\", credits)
        var temp_inventory = PM.Settings.Session.get_data(\"inventory\")
        if shop_type == \"standard\":
            displayed_zero = \"\"
            displayed_one = \"1\"
            for child in get_tree().get_nodes_in_group(\"SD_table\"):
                if child.name.right(child.name.length() - 3) == \"Buy\":
                    if int(child.text) > 0:
                        var item_name = supply_depot[\"Shop\" + str(current_shop_view)][child.get_meta(\"key\")][\"name\"]
                        var initial_value = temp_inventory[item_name]
                        temp_inventory[item_name] = initial_value + int(child.text)
                    child.text = displayed_zero
        elif shop_type == \"armory\":
            displayed_zero = \"\"
            displayed_one = \"X\"
            var firearm_inventory = PM.Settings.Session.get_data(\"game_player_weapons\")
            var ammo_stock = PM.Settings.Session.get_data(\"game_player_ammo\")
            for child in get_tree().get_nodes_in_group(\"SD_table\"):
                if child.name.right(child.name.length() - 3) == \"Buy\" and \\
                        child.text == displayed_one:
                    var new_firearm = child.get_meta(\"key\")
                    var new_firearm_number = new_firearm[1]
                    var new_initial_ammo = armory[new_firearm][\"initial_ammo\"]
                    var prior_ammo = 0
                    var replaced_firearm = \"\"
                    #Check for weapon up/downgrade
                    for index in (\"ABCD\"):
                        if firearm_inventory.has(\"W\" + str(new_firearm_number) + index):
                            replaced_firearm = \"W\" + str(new_firearm_number) + index
                            if (\"ABCD\").find(new_firearm[2]) < (\"ABCD\").find(replaced_firearm[2]): #Downgrade
                                new_initial_ammo = 0 #No additional ammo given for downgrades
                            else: #Upgrade
                                new_initial_ammo = armory[new_firearm][\"initial_ammo\"] - \\
                                        armory[replaced_firearm][\"initial_ammo\"]
                                if new_initial_ammo < 0:
                                    new_initial_ammo = 0
                    if replaced_firearm != \"\": #Weapon up/downgrade
                        #Append new weapon up/downgrade right after the replaced weapon
                        var temp_firearm_inventory:Array = []
                        for index in range(0, firearm_inventory.size()):
                            if firearm_inventory[index] == replaced_firearm:
                                temp_firearm_inventory.append(firearm_inventory[index])
                                temp_firearm_inventory.append(new_firearm)
                            else:
                                temp_firearm_inventory.append(firearm_inventory[index])
                        firearm_inventory = temp_firearm_inventory
                        #Calculate ammo for new weapon
                        if replaced_firearm == PM.Settings.Session.get_data(\"game_weapon_type\"):
                            yield(PM.SS[\"GameCommon\"].collect_current_weapon_ammo(), \"completed\")
                            prior_ammo = PM.Settings.Session.get_data(\"game_weapon_total_ammo\")
                        else:
                            prior_ammo = ammo_stock[replaced_firearm]
                        ammo_stock[new_firearm] = prior_ammo + new_initial_ammo
                        #Populate session variables for weapon change
                        PM.Settings.Session.set_data(\"game_player_weapons\", firearm_inventory)
                        PM.Settings.Session.set_data(\"game_player_ammo\", ammo_stock)
                        #Pause for all variables to be updated
                        while PM.Settings.Session.get_data(\"game_player_weapons\") != firearm_inventory and \\
                                PM.Settings.Session.get_data(\"game_player_ammo\") != ammo_stock:
                            yield(PM.get_tree().create_timer(0.01), \"timeout\")
                        #Reload
                        PM.SS[\"GameCommon\"].change_weapon(new_firearm)
                        yield(PM.get_tree().create_timer(3), \"timeout\")
                        #Remove replaced firearm
                        firearm_inventory.erase(replaced_firearm)
                        ammo_stock.erase(replaced_firearm)
                    else:
                        firearm_inventory.append(new_firearm)
                        ammo_stock[new_firearm] = prior_ammo + new_initial_ammo
                    child.text = displayed_zero
            PM.Settings.Session.set_data(\"game_player_weapons\", firearm_inventory)
            PM.Settings.Session.set_data(\"game_player_ammo\", ammo_stock)
        elif shop_type == \"contracts\":
            displayed_zero = \"\"
            displayed_one = \"X\"
            var any_contract_change = false
            for child in get_tree().get_nodes_in_group(\"SD_table\"):
                if child.name.right(child.name.length() - 3) == \"Buy\" and \\
                        child.text == displayed_one:
                    any_contract_change = true
            if any_contract_change:
                for child in get_tree().get_nodes_in_group(\"SD_table\"):
                    if child.name.right(child.name.length() - 3) == \"Buy\":
                        var item_name = supply_depot[\"Shop\" + str(current_shop_view)][child.get_meta(\"key\")][\"name\"]
                        if child.text == displayed_one:
                            temp_inventory[item_name] = 1
                        else:
                            temp_inventory[item_name] = 0
                        child.text = displayed_zero
        #FIXME - Add barracks code

        PM.Settings.Session.set_data(\"inventory\", temp_inventory)
        yield(_update_cost(), \"completed\")
        yield(_switch_signals_on_off(\"connect\"), \"completed\")
        _update_supply_depot()

func _populate_table_dictionaries():
    shop_tables = {\\
            \"shop1\":{\\
                    \"shop_titles\":{\"Column1\":\"Name\", \"Column2\":\"Cost\", \"Column3\":\"Buy\", \"Column4\":\"Own\"},
                    \"shop\":{\"Column1\":\"Name\", \"Column2\":\"Cost\", \"Column3\":\"Buy\", \"Column4\":\"Own\"},
                    \"type\":\"armory\"},
            \"shop2\":{
                    \"shop_titles\":{\"Column1\":\"Name\", \"Column2\":\"Cost\", \"Column3\":\"Buy\", \"Column4\":\"Own\"},
                    \"shop\":{\"Column1\":\"Name\", \"Column2\":\"Cost\", \"Column3\":\"Buy\", \"Column4\":\"Own\"},
                    \"type\":\"standard\"},
            \"shop3\":{
                    \"shop_titles\":{\"Column1\":\"Name\", \"Column2\":\"Cost\", \"Column3\":\"Buy\", \"Column4\":\"Own\"},
                    \"shop\":{\"Column1\":\"Name\", \"Column2\":\"Cost\", \"Column3\":\"Buy\", \"Column4\":\"Own\"},
                    \"type\":\"standard\"},
            \"shop4\":{
                    \"shop_titles\":{\"Column1\":\"Name\", \"Column2\":\"Cost\", \"Column3\":\"Buy\", \"Column4\":\"Own\"},
                    \"shop\":{\"Column1\":\"Name\", \"Column2\":\"Cost\", \"Column3\":\"Buy\", \"Column4\":\"Own\"},
                    \"type\":\"standard\"},
            \"shop5\":{
                    \"shop_titles\":{\"Column1\":\"Name\", \"Column2\":\"Cost\", \"Column3\":\"Buy\", \"Column4\":\"Own\"},
                    \"shop\":{\"Column1\":\"Name\", \"Column2\":\"Cost\", \"Column3\":\"Buy\", \"Column4\":\"Own\"},
                    \"type\":\"standard\"},
            \"shop6\":{
                    \"shop_titles\":{\"Column1\":\"Name\", \"Column2\":\"Cost\", \"Column3\":\"Buy\", \"Column4\":\"Own\"},
                    \"shop\":{\"Column1\":\"Name\", \"Column2\":\"Cost\", \"Column3\":\"Buy\", \"Column4\":\"Own\"},
                    \"type\":\"contracts\"},
            \"shop7\":{
                    \"shop_titles\":{\"Column1\":\"Name\", \"Column2\":\"Cost\", \"Column3\":\"Buy\", \"Column4\":\"Own\"},
                    \"shop\":{\"Column1\":\"Name\", \"Column2\":\"Cost\", \"Column3\":\"Buy\", \"Column4\":\"Own\"},
                    \"type\":\"max_items_1\"},
            }

func _switch_signals_on_off(switch):
    yield(get_tree(), \"idle_frame\")
    if switch == \"connect\":
        PM.Settings.Session.connect(PM.Settings.Session.monitor_data(\"supply_depot\"), \\
                self, \"_update_guard_variables\")
        PM.Settings.Session.connect(PM.Settings.Session.monitor_data(\"supply_depot_active\"), \\
                self, \"_update_guard_variables\")
        PM.Settings.Session.connect(PM.Settings.Session.monitor_data(\"supply_depot_active_shops\"), \\
                self, \"_update_guard_variables\")
        PM.Settings.Session.connect(PM.Settings.Session.monitor_data(\"is_medic\"), \\
                self, \"_update_guard_variables\")
        PM.Settings.Session.connect(PM.Settings.Session.monitor_data(\"game_weapon_types\"), \\
                self, \"_update_guard_variables\")
        PM.Settings.Session.connect(PM.Settings.Session.monitor_data(\"game_player_weapons\"), \\
                self, \"_update_guard_variables\")
        PM.Settings.Session.connect(PM.Settings.Session.monitor_data(\"inventory\"), \\
                self, \"_update_guard_variables\")
    elif switch == \"disconnect\":
        PM.Settings.Session.disconnect(PM.Settings.Session.monitor_data(\"supply_depot\"), \\
                self, \"_update_guard_variables\")
        PM.Settings.Session.disconnect(PM.Settings.Session.monitor_data(\"supply_depot_active\"), \\
                self, \"_update_guard_variables\")
        PM.Settings.Session.disconnect(PM.Settings.Session.monitor_data(\"supply_depot_active_shops\"), \\
                self, \"_update_guard_variables\")
        PM.Settings.Session.disconnect(PM.Settings.Session.monitor_data(\"is_medic\"), \\
                self, \"_update_guard_variables\")
        PM.Settings.Session.disconnect(PM.Settings.Session.monitor_data(\"game_weapon_types\"), \\
                self, \"_update_guard_variables\")
        PM.Settings.Session.disconnect(PM.Settings.Session.monitor_data(\"game_player_weapons\"), \\
                self, \"_update_guard_variables\")
        PM.Settings.Session.disconnect(PM.Settings.Session.monitor_data(\"inventory\"), \\
                self, \"_update_guard_variables\")

func _update_guard_variables(__):
    var variables_populated = 0
    if PM.Settings.Session.get_data(\"supply_depot\") != null:
        supply_depot = PM.Settings.Session.get_data(\"supply_depot\")
        variables_populated += 1
    if PM.Settings.Session.get_data(\"supply_depot_active\") != null:
        supply_depot_active = PM.Settings.Session.get_data(\"supply_depot_active\")
        variables_populated += 1
    if PM.Settings.Session.get_data(\"supply_depot_active_shops\") != null:
        supply_depot_active_shops = PM.Settings.Session.get_data(\"supply_depot_active_shops\")
        variables_populated += 1
    if PM.Settings.Session.get_data(\"is_medic\") != null:
        is_medic = PM.Settings.Session.get_data(\"is_medic\")
        variables_populated += 1
    if PM.Settings.Session.get_data(\"game_weapon_types\") != null:
        armory = PM.Settings.Session.get_data(\"game_weapon_types\")
        variables_populated += 1
    if PM.Settings.Session.get_data(\"game_player_weapons\") != null:
        firearms_owned = PM.Settings.Session.get_data(\"game_player_weapons\")
        variables_populated += 1
    if PM.Settings.Session.get_data(\"inventory\") != null:
        inventory = PM.Settings.Session.get_data(\"inventory\")
        variables_populated += 1

    if variables_populated == 7:
        _update_supply_depot()

func _update_to_initial_inventory(initial_inventory):
    if initial_inventory != null:
        PM.Settings.Session.set_data(\"inventory\", initial_inventory)
        inventory = PM.Settings.Session.get_data(\"inventory\")
        _update_guard_variables(null)

func _on_Close_pressed():
    var SupplyDepot = get_tree().root.get_node(\"Container\").current_scene.get_node(\"SupplyDepot\")
    PM.SS[\"GameCommon\"].instant_move_panel_out(SupplyDepot)

    var ScreenEffects = get_tree().root.get_node(\"Container/UI/ScreenEffects\")
    ScreenEffects.visible = true
"

[sub_resource type="DynamicFont" id=74]
size = 32
use_filter = true
extra_spacing_top = 4
font_data = ExtResource( 2 )

[sub_resource type="StyleBoxFlat" id=66]
bg_color = Color( 0.470588, 0.470588, 0.470588, 1 )
border_width_top = 1
border_width_bottom = 1
border_color = Color( 0, 0, 0, 1 )

[sub_resource type="StyleBoxEmpty" id=73]

[sub_resource type="DynamicFont" id=67]
size = 20
font_data = ExtResource( 2 )

[sub_resource type="StyleBoxFlat" id=72]
bg_color = Color( 0.309804, 0.192157, 0.188235, 1 )
border_width_left = 1
border_width_top = 1
border_width_right = 1
border_width_bottom = 1
corner_radius_top_left = 8
corner_radius_top_right = 8
corner_radius_bottom_right = 8
corner_radius_bottom_left = 8

[sub_resource type="DynamicFont" id=64]
size = 28
font_data = ExtResource( 2 )

[sub_resource type="StyleBoxEmpty" id=61]

[sub_resource type="DynamicFont" id=62]
size = 28
use_filter = true
font_data = ExtResource( 2 )

[sub_resource type="StyleBoxFlat" id=63]
bg_color = Color( 1, 1, 1, 1 )
border_width_left = 2
border_width_top = 2
border_width_right = 2
border_width_bottom = 2
border_color = Color( 0, 0, 0, 1 )
corner_radius_top_left = 10
corner_radius_top_right = 10
corner_radius_bottom_right = 10
corner_radius_bottom_left = 10

[sub_resource type="GDScript" id=65]
script/source = "extends LineEdit

func _ready():
    text = str(PM.Settings.Session.get_data(\"game_player_credits\"))

    PM.Settings.Session.connect(PM.Settings.Session.monitor_data(
            \"game_player_credits\"), self, \"credits_updated\")

func credits_updated(credits):
    text = str(credits)
"

[sub_resource type="StyleBoxEmpty" id=56]

[sub_resource type="DynamicFont" id=58]
size = 20
font_data = ExtResource( 2 )

[sub_resource type="DynamicFont" id=59]
size = 20
font_data = ExtResource( 2 )

[node name="SupplyDepot" type="ReferenceRect"]
margin_left = 540.0
margin_top = 960.0
margin_right = 1080.0
margin_bottom = 1920.0
rect_min_size = Vector2( 540, 960 )
theme = ExtResource( 1 )
script = SubResource( 57 )
__meta__ = {
"_edit_use_anchors_": false,
"_editor_description_": "1,1"
}

[node name="ColorRectBlack" type="ColorRect" parent="."]
margin_right = 540.0
margin_bottom = 960.0
rect_min_size = Vector2( 540, 960 )
color = Color( 0, 0, 0, 1 )
__meta__ = {
"_edit_use_anchors_": false,
"_editor_description_": ""
}

[node name="ColorRectGrey" type="ColorRect" parent="."]
margin_top = 160.0
margin_right = 540.0
margin_bottom = 710.0
rect_min_size = Vector2( 540, 598 )
color = Color( 0.266667, 0.266667, 0.266667, 1 )
__meta__ = {
"_edit_use_anchors_": false,
"_editor_description_": ""
}

[node name="Title" parent="." instance=ExtResource( 4 )]
margin_top = 160.0
margin_bottom = 217.0

[node name="TitleLabel" parent="Title" index="0"]
text = "Supply Depot"

[node name="HSeparator" parent="Title" index="1"]
margin_top = 65.0
margin_bottom = 75.0

[node name="VBox" type="VBoxContainer" parent="."]
margin_top = 217.0
margin_right = 540.0
margin_bottom = 960.0
rect_min_size = Vector2( 540, 743 )
__meta__ = {
"_edit_use_anchors_": false
}

[node name="Shop" type="VBoxContainer" parent="VBox"]
margin_right = 540.0
margin_bottom = 490.0
rect_min_size = Vector2( 540, 490 )
__meta__ = {
"_edit_use_anchors_": false
}

[node name="Title" type="Label" parent="VBox/Shop"]
margin_right = 540.0
margin_bottom = 36.0
rect_min_size = Vector2( 540, 0 )
custom_fonts/font = SubResource( 74 )
text = "TBD"
align = 1
valign = 1
uppercase = true

[node name="ScrollBox" type="ScrollContainer" parent="VBox/Shop"]
margin_top = 44.0
margin_right = 540.0
margin_bottom = 334.0
rect_min_size = Vector2( 540, 290 )
custom_styles/bg = SubResource( 66 )

[node name="GridBox" type="GridContainer" parent="VBox/Shop/ScrollBox"]
margin_top = 1.0
margin_right = 540.0
margin_bottom = 1.0
size_flags_horizontal = 7
columns = 4
__meta__ = {
"_editor_description_": ""
}

[node name="ShopNavControls" type="HBoxContainer" parent="VBox/Shop"]
margin_top = 342.0
margin_right = 540.0
margin_bottom = 490.0

[node name="VBox" type="VBoxContainer" parent="VBox/Shop/ShopNavControls"]
margin_right = 120.0
margin_bottom = 148.0
size_flags_vertical = 0

[node name="Up" type="Button" parent="VBox/Shop/ShopNavControls/VBox"]
margin_right = 120.0
margin_bottom = 70.0
rect_min_size = Vector2( 120, 70 )
size_flags_vertical = 0
icon = ExtResource( 3 )
flat = true

[node name="Down" type="Button" parent="VBox/Shop/ShopNavControls/VBox"]
margin_top = 78.0
margin_right = 120.0
margin_bottom = 148.0
rect_min_size = Vector2( 120, 70 )
size_flags_vertical = 0
icon = ExtResource( 6 )
flat = true
__meta__ = {
"_editor_description_": ""
}

[node name="VBox2" type="VBoxContainer" parent="VBox/Shop/ShopNavControls"]
margin_left = 124.0
margin_right = 392.0
margin_bottom = 148.0
rect_min_size = Vector2( 268, 148 )
size_flags_horizontal = 0
size_flags_vertical = 0

[node name="DescTitle" type="Label" parent="VBox/Shop/ShopNavControls/VBox2"]
margin_left = 4.0
margin_right = 264.0
margin_bottom = 32.0
rect_min_size = Vector2( 260, 32 )
size_flags_horizontal = 4
size_flags_vertical = 0
custom_styles/normal = SubResource( 73 )
text = "Description"
valign = 1

[node name="Desc" type="Label" parent="VBox/Shop/ShopNavControls/VBox2"]
modulate = Color( 0, 1, 0, 1 )
margin_left = 4.0
margin_top = 40.0
margin_right = 264.0
margin_bottom = 148.0
rect_min_size = Vector2( 260, 108 )
focus_mode = 2
mouse_filter = 0
mouse_default_cursor_shape = 1
size_flags_horizontal = 4
size_flags_vertical = 0
custom_fonts/font = SubResource( 67 )
custom_styles/normal = SubResource( 72 )
autowrap = true
__meta__ = {
"_editor_description_": ""
}

[node name="VBox3" type="VBoxContainer" parent="VBox/Shop/ShopNavControls"]
margin_left = 396.0
margin_right = 540.0
margin_bottom = 148.0

[node name="HBoxContainer" type="HBoxContainer" parent="VBox/Shop/ShopNavControls/VBox3"]
margin_right = 144.0
margin_bottom = 70.0

[node name="Subtract" type="Button" parent="VBox/Shop/ShopNavControls/VBox3/HBoxContainer"]
margin_right = 70.0
margin_bottom = 70.0
rect_min_size = Vector2( 70, 70 )
icon = ExtResource( 7 )
flat = true

[node name="Add" type="Button" parent="VBox/Shop/ShopNavControls/VBox3/HBoxContainer"]
margin_left = 74.0
margin_right = 144.0
margin_bottom = 70.0
rect_min_size = Vector2( 70, 70 )
icon = ExtResource( 5 )
flat = true

[node name="Purchase" type="Button" parent="VBox/Shop/ShopNavControls/VBox3"]
margin_top = 78.0
margin_right = 144.0
margin_bottom = 148.0
rect_min_size = Vector2( 120, 70 )
size_flags_horizontal = 4
icon = ExtResource( 8 )
flat = true

[node name="CreditsBox" type="HBoxContainer" parent="VBox"]
margin_left = 4.0
margin_top = 498.0
margin_right = 536.0
margin_bottom = 538.0
rect_min_size = Vector2( 532, 40 )
size_flags_horizontal = 4

[node name="HBox" type="HBoxContainer" parent="VBox/CreditsBox"]
margin_right = 289.0
margin_bottom = 40.0
size_flags_horizontal = 0

[node name="TotCostTitle" type="Label" parent="VBox/CreditsBox/HBox"]
margin_top = 6.0
margin_right = 181.0
margin_bottom = 34.0
size_flags_horizontal = 0
custom_colors/font_color = Color( 0, 0, 0, 1 )
custom_fonts/font = SubResource( 64 )
custom_styles/normal = SubResource( 61 )
text = "Total Cost: "
align = 2
valign = 1
uppercase = true
__meta__ = {
"_editor_description_": ""
}

[node name="Cost" type="LineEdit" parent="VBox/CreditsBox/HBox"]
margin_left = 185.0
margin_top = 2.0
margin_right = 289.0
margin_bottom = 38.0
rect_min_size = Vector2( 104, 36 )
size_flags_horizontal = 0
size_flags_vertical = 4
custom_colors/font_color_uneditable = Color( 0, 0, 0, 1 )
custom_fonts/font = SubResource( 62 )
custom_styles/read_only = SubResource( 63 )
text = "0"
align = 1
editable = false
expand_to_text_length = true
selecting_enabled = false
__meta__ = {
"_editor_description_": ""
}

[node name="HBox2" type="HBoxContainer" parent="VBox/CreditsBox"]
margin_left = 296.0
margin_right = 532.0
margin_bottom = 40.0
size_flags_horizontal = 10

[node name="CurrentCreditsTitle" type="Label" parent="VBox/CreditsBox/HBox2"]
margin_top = 6.0
margin_right = 128.0
margin_bottom = 34.0
size_flags_horizontal = 0
custom_colors/font_color = Color( 0, 0, 0, 1 )
custom_fonts/font = SubResource( 64 )
custom_styles/normal = SubResource( 61 )
text = "Credits: "
align = 2
valign = 1
uppercase = true

[node name="CurrentCredits" type="LineEdit" parent="VBox/CreditsBox/HBox2"]
margin_left = 132.0
margin_top = 2.0
margin_right = 236.0
margin_bottom = 38.0
rect_min_size = Vector2( 104, 36 )
size_flags_horizontal = 0
size_flags_vertical = 4
custom_colors/font_color_uneditable = Color( 0, 0, 0, 1 )
custom_fonts/font = SubResource( 62 )
custom_styles/read_only = SubResource( 63 )
text = "0"
align = 1
editable = false
expand_to_text_length = true
selecting_enabled = false
script = SubResource( 65 )
__meta__ = {
"_editor_description_": ""
}

[node name="DepotNavButtons" type="HBoxContainer" parent="VBox"]
margin_top = 550.0
margin_right = 540.0
margin_bottom = 640.0
rect_min_size = Vector2( 540, 90 )
size_flags_horizontal = 6
size_flags_vertical = 10

[node name="LButton" type="Button" parent="VBox/DepotNavButtons"]
margin_right = 70.0
margin_bottom = 90.0
rect_min_size = Vector2( 70, 90 )
size_flags_vertical = 0
icon = ExtResource( 10 )
flat = true
__meta__ = {
"_editor_description_": ""
}

[node name="VBox" type="VBoxContainer" parent="VBox/DepotNavButtons"]
margin_left = 75.0
margin_top = 9.0
margin_right = 465.0
margin_bottom = 81.0
rect_min_size = Vector2( 390, 0 )
size_flags_horizontal = 6
size_flags_vertical = 6

[node name="CategoryTitle" type="Label" parent="VBox/DepotNavButtons/VBox"]
margin_left = 115.0
margin_right = 275.0
margin_bottom = 28.0
rect_min_size = Vector2( 160, 28 )
size_flags_horizontal = 6
custom_styles/normal = SubResource( 56 )
text = "Category:"
align = 1
valign = 2

[node name="HBox" type="HBoxContainer" parent="VBox/DepotNavButtons/VBox"]
margin_top = 36.0
margin_right = 390.0
margin_bottom = 72.0

[node name="PriorShop" type="LineEdit" parent="VBox/DepotNavButtons/VBox/HBox"]
modulate = Color( 1, 1, 1, 0.588235 )
margin_left = 3.0
margin_right = 123.0
margin_bottom = 36.0
rect_min_size = Vector2( 120, 36 )
size_flags_horizontal = 6
size_flags_vertical = 4
custom_fonts/font = SubResource( 58 )
text = "TBD"
align = 1
editable = false
expand_to_text_length = true
selecting_enabled = false
__meta__ = {
"_editor_description_": ""
}

[node name="CurrentShop" type="LineEdit" parent="VBox/DepotNavButtons/VBox/HBox"]
margin_left = 132.0
margin_right = 257.0
margin_bottom = 36.0
rect_min_size = Vector2( 125, 36 )
size_flags_horizontal = 6
size_flags_vertical = 4
custom_fonts/font = SubResource( 59 )
text = "TBD"
align = 1
editable = false
expand_to_text_length = true
selecting_enabled = false
__meta__ = {
"_editor_description_": ""
}

[node name="NextShop" type="LineEdit" parent="VBox/DepotNavButtons/VBox/HBox"]
modulate = Color( 1, 1, 1, 0.588235 )
margin_left = 266.0
margin_right = 386.0
margin_bottom = 36.0
rect_min_size = Vector2( 120, 36 )
size_flags_horizontal = 6
size_flags_vertical = 4
custom_fonts/font = SubResource( 58 )
text = "TBD"
align = 1
editable = false
expand_to_text_length = true
selecting_enabled = false
__meta__ = {
"_editor_description_": ""
}

[node name="RButton" type="Button" parent="VBox/DepotNavButtons"]
margin_left = 470.0
margin_right = 540.0
margin_bottom = 90.0
rect_min_size = Vector2( 70, 90 )
size_flags_vertical = 0
icon = ExtResource( 9 )
flat = true
__meta__ = {
"_editor_description_": ""
}

[node name="SceneNavButtons" type="HBoxContainer" parent="VBox"]
margin_top = 663.0
margin_right = 540.0
margin_bottom = 743.0
rect_min_size = Vector2( 532, 0 )
size_flags_horizontal = 3
size_flags_vertical = 10
__meta__ = {
"_edit_use_anchors_": false
}

[node name="Close" type="Button" parent="VBox/SceneNavButtons"]
margin_left = 150.0
margin_right = 390.0
margin_bottom = 80.0
rect_min_size = Vector2( 240, 80 )
size_flags_horizontal = 6
size_flags_vertical = 4
text = "Close"

[connection signal="pressed" from="VBox/Shop/ShopNavControls/VBox/Up" to="." method="_on_Up_pressed"]
[connection signal="pressed" from="VBox/Shop/ShopNavControls/VBox/Down" to="." method="_on_Down_pressed"]
[connection signal="pressed" from="VBox/Shop/ShopNavControls/VBox3/HBoxContainer/Subtract" to="." method="_on_Subtract_pressed"]
[connection signal="pressed" from="VBox/Shop/ShopNavControls/VBox3/HBoxContainer/Add" to="." method="_on_Add_pressed"]
[connection signal="pressed" from="VBox/Shop/ShopNavControls/VBox3/Purchase" to="." method="_on_Purchase_pressed"]
[connection signal="pressed" from="VBox/DepotNavButtons/LButton" to="." method="_on_LButton_pressed"]
[connection signal="pressed" from="VBox/DepotNavButtons/RButton" to="." method="_on_RButton_pressed"]
[connection signal="pressed" from="VBox/SceneNavButtons/Close" to="." method="_on_Close_pressed"]

[editable path="Title"]
